2652 3788
397 281 470 318 20
630 257 1286 319 UNivnnsA
1360 258 2169 345 THEoLoorA.·

402 389 458 432 do
475 391 643 434 notlem
668 390 709 432 in
730 388 987 440 Ecclesiam,
1022 386 1092 430 sed
1111 386 1240 431 etiam
1261 384 1456 430 mortem.
1493 388 1621 448 Quod
1640 387 1838 430 identitas
1867 389 1993 434 trium
2005 373 2285 439 Essentiarum
2300 395 2379 441 Di..

386 446 590 488 ¹vinarum
615 445 665 489 sit
684 443 855 486 rationis
878 442 1140 494 scandalum,
1173 442 1487 486 constitit‘mihi
1516 456 1567 484 ex
1596 443 1765 498 Angelis
1775 473 1791 494 ,
1823 444 1895 499 qui
1927 445 2149 500 dixerunt,
2184 451 2302 505 quod.
2326 464 2379 501 ne

403 499 571 556 quidem
598 501 750 555 poffint
770 495 986 541 enuntiare
1015 506 1099 539 tres
1120 497 1379 540 Divinitates
1409 498 1620 553 aequales;
1651 502 1691 542 ὅ(
1716 499 1744 540 fi
1814 501 1881 541 uis
1905 500 1960 542 'ad
1994 499 2090 543 illos
2121 505 2306 557 veniret,
2339 508 2384 550 ὅτ.

395 554 538 597 vellet
558 555 794 605 enuntiare,
825 563 909 594 non
935 551 1073 606 posset
1099 552 1197 607 quin
1226 561 1388 594 avertat
1413 551 1455 594 se
1471 583 1485 604 ,
1519 554 1559 595 &
1583 553 1695 607 quod
1717 564 1777 607 po
1833 554 2160 600 enuntiationem
2175 558 2250 602 fiat
2272 560 2383 603 ficut

395 618 577 653 truncus
595 609 823 658 humanus,
856 608 897 650 &
913 605 1161 661 pro'iciatur
1178 605 1370 650 deorsum
1387 638 1402 660 ,
1435 608 1475 650 &
1501 606 1642 661 postea
1671 604 1792 649 abeat
1818 609 1867 651 ad
1894 608 1990 652 illos
2010 611 2052 654 in
2085 610 2281 667 Inferno,
2312 613 2386 670 qui

403 672 489 708 non
509 664 561 706 ali
595 676 688 706 uem
701 663 845 706 Deum
862 673 970 715 agno
992 670 1106 703 cunt.
1149 661 1312 702 Veritas
1333 661 1417 715 est,
1466 661 1579 717 quod
1602 662 1659 704 im
1691 662 1849 705 lantare
1867 663 2019 707 infanti
2042 667 2083 709 &
2101 678 2235 721 puero
2250 668 2385 714 ideam

405 719 533 761 trium
598 716 840 760 ersonarum
861 715 1140 766 Divinarum,
1186 715 1255 757 cui
1283 716 1580 758 inevitabiliter
1604 717 1654 759 ad
1686 726 1786 760 aeret
1818 717 1910 760 idea
1944 719 2071 762 trium
2103 720 2300 775 deorum,
2330 722 2383 767 fit

407 773 573 815 auferre
597 772 680 819 illis
701 783 824 815 omne
846 769 1099 826 laCticinium
1125 768 1366 824 spirituale,
1399 771 1439 813 ὅ(
1456 770 1601 813 deinde
1618 778 1786 815 omnem
1811 773 1995 816 cibatum
2021 773 2313 828 Spiritualem,
2341 778 2382 822 ὅτ.

398 827 571 871 demum
599 839 723 870 omne
740 825 1008 869 ratiocinium
1042 823 1278 880 spirituale,
1298 826 1352 868 ’δε
1377 826 1484 878 apud
1503 825 1627 878 illos,
1660 827 1731 883 qui
1756 825 1798 869 se
1819 827 1860 869 in
1885 840 1938 870 eo
1957 830 2233 882 confirmant,
2264 829 2382 874 indu-

404 894 502 924 cere
526 892 707 926 mortem
735 879 1004 937 spiritualem.
1080 877 1320 924 Discrimen
1351 880 1459 921 inter
1496 879 1592 922 illos
1609 894 1634 932 ,·
1657 881 1728 938 qui
1755 881 1839 925 fide
1861 883 1902 926 δι
1922 880 2050 928 &de
2075 884 2224 927 colunt
2247 898 2382 929 unum

401 937 546 982 Deum
572 937 822 980 Creatorem
845 934 1065 986 Universi,
1098 935 1138 978 ὃς
1163 933 1291 976 Hunc
1317 933 1436 977 simul
1463 935 1794 990 Redemptorem
1817 937 1861 980 &
1883 937 2237 993 Regeneratorem
2263 971 2279 993 ,
2320 939 2379 983 est

399 992 508 1037 ficut
529 990 614 1034 fuit
642 991 758 1036 Urbs
773 990 879 1035 Zion
889 995 1099 1044 ‘tempore
1117 988 1318 1040 Davidis,
1350 991 1390 1032 &
1419 989 1529 1033 Urbs
1558 989 1870 1047 Hierosolymae
1906 1000 2096 1047 tempore
2115 993 2379 1046 Salomonis,

396 1046 619 1103 postquam
639 1045 871 1100 Templum
897 1045 1154 1088 aedificatum
1178 1043 1260 1095 est3
1291 1052 1334 1084 at
1362 1041 1573 1096 Ecclesia,
1606 1058 1699 1100 quae
1716 1045 1850 1087 credit
1868 1044 1909 1088 in
1919 1054 2011 1090 tres
2021 1046 2249 1101 Personas,
2281 1051 2322 1093 ἀ
2339 1049 2381 1093 in

390 1114 524 1145 unam
556 1112 739 1158 uamque
769 1108 817 1143 ut
850 1099 894 1142 in
919 1099 1169 1156 singularem
1206 1099 1350 1142 Deum
1376 1128 1390 1150 ,
1432 1098 1492 1141 est
1514 1098 1653 1141 fimilis
1680 1100 1775 1142 urbi
1795 1100 1917 1144 Zioni
1948 1103 1989 1146 ὃς
2011 1101 2322 1159 Hierosolymae
2352 1118 2379 1149 a

395 1154 491 1200 Ves
514 1169 537 1197 a
552 1168 648 1199 1ano
673 1154 913 1207 destruitis,
944 1156 985 1199 ὅ(
1008 1152 1194 1208 Templo
1222 1153 1278 1196 ibi
1297 1151 1480 1199 incenso.
1502 1153 1636 1196 Porro
1652 1185 1665 1206 ,
1682 1154 1835 1207 homo,
1850 1154 1923 1210 qui
1946 1155 2052 1198 colit
2077 1169 2204 1201 unum
2218 1151 2376 1211 Deum,

395 1211 441 1258 in
509 1223 566 1253 uo
584 1209 743 1254 Divina
761 1208 953 1253 Trinitas
974 1207 1056 1260 est,
1089 1209 1130 1251 &
1151 1207 1210 1251 sic
1237 1207 1307 1263 qui
1329 1220 1409 1268 una
1426 1206 1607 1252 Persona
1623 1208 1683 1253 est
1698 1240 1712 1261 ‚
1753 1210 1804 1252 fit
1822 1210 1917 1264 plus
1944 1211 1985 1253 ὅ(
2035 1209 2099 1252 lus
2133 1212 2259 1255 vivus
2278 1243 2293 1265 ,
2336 1215 2378 1258 &

393 1266 532 1309 >homo
551 1265 749 1321 angelus3
782 1272 825 1306 at
848 1263 919 1319 qui
943 1262 1055 1315 sein·
1073 1263 1315 1317 pluralitate
1338 1263 1533 1306 Deorum
1563 1274 1616 1306 ex
1648 1263 1893 1319 pluralitate
1917 1263 1995 1307 Per
2016 1277 2191 1311 onarum
2221 1267 2375 1311 confir-

399 1329 517 1373 mat,
547 1320 606 1364 fit
622 1318 851 1363 succeflive
871 1318 978 1375 ficut
999 1319 1149 1361 Statua
1170 1316 1283 1361 fasta
1303 1329 1401 1361 cum
1423 1317 1612 1360 articulis
1636 1318 1885 1371 mobilibus,
1926 1319 1966 1363 in
1990 1321 2109 1373 quus
2143 1321 2282 1364 medio
2298 1321 2383 1365 stat.

394 1377 568 1420 Satanas
584 1405 597 1426 ‚
629 1376 670 1418 δι
701 1373 890 1429 loquitur
914 1384 990 1428 per
1016 1382 1064 1414 os
1092 1371 1363 1414 articulatum
1384 1372 1485 1426 ejus.

453 1442 522 1484 24.
555 1431 606 1473 V.
636 1429 772 1492 Quor)
801 1439 1057 1471 PLURALITAS
1085 1434 1269 1469 DEORUM
1297 1438 1342 1468 IN
1369 1439 1548 1470 SAEcqus
1576 1439 1796 1484 ANTIQUIS,
1828 1441 1886 1472 ΕΤ
1915 1441 2088 1485 quoque
2117 1432 2386 1484 Romanum,

396 1496 486 1528 NoN
515 1496 705 1531 ALIUNDE
734 1489 981 1527 ExsTIT'ERI'r
1009 1512 1022 1534 ,
1066 1493 1191 1543 QUAM
1220 1494 1273 1524 EX
1302 1493 1394 1523 NON
1422 1494 1690 1525 rNTELLEcro
1720 1482 1886 1525 Drvmo
1905 1484 2020 1526 Essa.
2064 1484 2196 1547 Quod
2224 1486 2374 1530 Unitas

394 1539 481 1584 Dei
512 1537 694 1593 qu‘usvis
726 1536 904 1580 hominis
934 1535 1063 1579 menti
1092 1535 1236 1577 1ntime
1263 1533 1465 1590 inscripta
1489 1535 1566 1588 sit,
1599 1537 1798 1592 quoniam
1811 1537 1882 1581 illa
1907 1537 2019 1583 estin
2035 1538 2173 1586 medio
2187 1540 2374 1585 omnium

398 1607 492 1650 quae
519 1594 559 1635 in
590 1591 767 1636 animam
787 1591 964 1635 hominis
991 1604 1015 1633 a
1041 1590 1141 1634 Deo
1163 1589 1367 1641 influunt,
1399 1588 1522 1644 supra
1541 1602 1580 1634 n.
1603 1594 1656 1643 8‘,
1688 1590 1896 1635 ostensum·
1910 1591 1992 1644 est3
2024 1591 2095 1634 sed?
2114 1594 2227 1649 qu'od
2242 1592 2373 1651 usque
2410 1590 2412 1595 ’

399 1650 442 1692 in
473 1648 739 1692 Intelleftum
763 1647 988 1690 humanum
1011 1655 1094 1692 non
1123 1645 1217 1687 inde
1241 1642 1523 1701 descenderit,
1553 1644 1611 1688 est
1630 1644 1779 1699 causa,
1812 1647 1906 1702 quia
1923 1646 2146 1691 defuerunt
2169 1650 2376 1710 cognitio-

394 1715 495 1756 nes,
526 1714 602 1758 per
626 1715 728 1758 quas
755 1701 964 1745 hominem
989 1708 1163 1755 oportet
1188 1700 1288 1761 Deo
1311 1698 1480 1743 obviam
1505 1698 1748 1752 ascendere,
1780 1700 1955 1758 quisque
1969 1702 2079 1745 enim
2099 1703 2263 1758 parabit
2273 1704 2378 1747 Deo

392 1759 507 1801 viam
524 1788 537 1809 ,
569 1758 652 1802 hoc
671 1756 754 1809 est,
814 1756 1034 1811 raeparabit
1057 1753 1100 1797 se
1117 1754 1168 1797 ad
1200 1753 1513 1809 receptionem,
1541 1755 1682 1799 &hoc
1696 1756 1770 1799 fiet
1783 1764 1859 1810 per
1875 1756 2150 1811 cognitiones.
2218 1757 2371 1814 Cogni-

395 1813 562 1864 tiones,
624 1824 688 1854 uae
713 1811 765 1853 de
789 1820 966 1863 uerunt,
1012 1809 1125 1866 quod
1150 1808 1396 1854 Intellectus
1422 1822 1509 1852 non
1537 1810 1730 1864 potuerit
1756 1822 1978 1865 penetrare
2004 1810 2136 1863 illuc,
2181 1823 2228 1855 ut
2250 1814 2370 1857 vide-

391 1877 486 1920 ret,
518 1879 573 1922 qu
654 1866 776 1910 Deus
806 1878 913 1908 unus
933 1865 1012 1917 sit,
1045 1866 1086 1908 &
1150 1864 1232 1906 uod
1262 1876 1346 1907 non
1371 1864 1509 1908 dabile
1537 1865 1589 1908 sit
1614 1865 1824 1909 Divinum
1856 1865 1955 1908 Esse
1984 1866 2056 1909 nifi
2080 1867 2295 1920 Unicum,
2329 1871 2375 1914 &-

386 1921 507 1977 quod
528 1920 681 1975 Omnia
702 1921 882 1965 Naturae
912 1919 992 1963 sint
1020 1918 1073 1961 ab
1094 1919 1200 1971 Ilo,
1233 1917 1328 1961 sunt
1349 1918 1592 1975 sequentes,
1630 1932 1665 1963 1.
1698 1920 1812 1983 Quia
1842 1920 2040 1964 hactenus
2061 1933 2184 1964 nemo
2214 1922 2267 1965 ali
2302 1923 2372 1965 uid

393 1978 577 2021 sciverat
604 1975 656 2018 de
681 1975 846 2019 Mundo
875 1972 1117 2029 Spirituali,
1150 1973 1221 2016 ubi
1247 1973 1343 2016 sunt
1366 1973 1547 2029 Spiritus
1578 1975 1626 2019 δι’
1650 1974 1798 2031 Angeli
1816 2005 1830 2027 ,
1861 1976 1904 2019 &
1935 1975 2279 2031 in·.quem-omnis
2324 1990 2369 2020 o·

389 2045 463 2075 mo
503 2029 596 2086 post
625 2040 806 2075 mortem
844 2029 976 2072 venit.
1037 2041 1075 2070 2.
1107 2029 1266 2071 Pariter
1295 2039 1396 2071 tunc
1458 2028 1588 2084 quod·
1609 2029 1650 2071 in
1679 2028 1755 2073 illo
1793 2028 1961 2073 Mundo
1989 2030 2040 2074 fit
2063 2030 2163 2083 Sol,
2211 2031 2283 2088 qui
2311 2032 2371 2076 est

391 2098 521 2143 purus
550 2085 682 2127 Amor
708 2097 732 2126 a
762 2083 951 2138 Jehovah
983 2082 1082 2125 Deo
1100 2113 1115 2134 ,
1160 2083 1231 2138 qui
1259 2083 1300 2126 in
1327 2094 1392 2124 me
1421 2083 1463 2125 io
1485 2084 1574 2136 eius
1603 2081 1673 2125 est.
1731 2096 1771 2138 3.
1803 2083 1934 2141 Quod
1962 2096 2016 2126 ex
2042 2085 2119 2128 illo
2145 2085 2244 2129 Sole
2270 2099 2373 2141 pro·

384 2139 514 2184 'cedat
539 2138 699 2193 Calor,
733 2137 803 2201 qui
833 2138 887 2180 inv
905 2135 1075 2180 effentia
1101 2135 1175 2178 sua
1201 2135 1263 2178 est
1277 2136 1436 2188 Amor,
1469 2138 1510 2180 ὅ(
1540 2136 1635 2178 Lux
1667 2149 1761 2191 quae
1789 2137 1831 2179 in
1845 2136 2013 2180 essentia
2037 2137 2107 2181 sua
2133 2139 2366 2195 estSapien-

390 2196 463 2238 tia.
521 2207 562 2248 4.
594 2192 726 2258 Quod
754 2191 846 2236 inde
869 2192 1007 2234 omnia
1031 2202 1124 2246 quae
1145 2190 1186 2232 in
1216 2189 1291 2231 illo
1310 2190 1475 2234 Mundo
1496 2188 1614 2241 sunt,
1644 2190 1880 2244 Spiritualia
1900 2191 2000 2245 sint,
2034 2193 2073 2234 δι
2095 2193 2276 2236 afficiant
2301 2194 2366 2238 In-

394 2263 562 2302 ternum
591 2247 825 2299 hominem,
858 2248 899 2290 ὃς
920 2246 1082 2289 faciant
1107 2245 1195 2298 ejus
1221 2244 1498 2287 Voluntatem
1534 2245 1574 2287 ὅ(
1611 2243 1886 2287 Intellectum,
1944 2257 1985 2299 5.
2021 2245 2150 2308 Quod
2199 2246 2368 2296 ehovah

391 2306 513 2351 Deus
537 2316 589 2345 ex
618 2302 694 2356 suo
714 2302 812 2346 Sole
834 2314 923 2344 non
947 2299 1075 2344 modo
1104 2299 1351 2355 produxerit
1378 2298 1586 2342 Mundum
1607 2297 1870 2354 Spiritualem
1883 2330 1899 2352 ,
1931 2302 1972 2344 &
1994 2302 2134 2344 omnia
2185 2302 2364 2356 ‘piritua-

392 2361 451 2404 lia
474 2359 595 2413 ejus,
632 2371 725 2414 quae
758 2355 1073 2413 innumerabilia
1105 2354 1200 2398 sunt
1219 2383 1233 2406 ,
1276 2355 1316 2398 ὅς
1354 2353 1631 2397 substantialia
1650 2384 1665 2406 ,
1713 2351 1783 2396 sed
1812 2354 1941 2398 etiam
1971 2355 2084 2411 quod
2116 2356 2363 2411 produxerit

388 2413 599 2459 Mundum
628 2411 886 2463 naturalem,
917 2411 958 2455 ἀ
989 2410 1128 2453 omnia
1148 2408 1351 2451 naturalia
1371 2409 1458 2462 eJus
1478 2439 1492 2460 ,
1536 2418 1630 2464 quae
1653 2407 1779 2454 etiarn
1803 2408 2116 2453 innumerabilia
2139 2409 2260 2464 sunt,
2293 2411 2367 2455 sed

388 2468 631 2512 materialia,
689 2471 730 2508 6.
763 2465 893 2528 Quod
924 2464 1123 2509 haetenus
1155 2476 1240 2507 non
1271 2463 1420 2516 aliquis
1453 2456 1626 2506 sciverit
1666 2462 1886 2507 discrimen
1927 2464 2036 2508 inter
2063 2464 2288 2521 Spirituale
2319 2469 2362 2512 <Sc

390 2517 641 2575 Naturalia,
672 2520 760 2563 imo
788 2526 867 2562 ne'c
899 2519 996 2574 quid
1027 2518 1254 2573 Spirituale
1272 2517 1312 2560 in
1334 2519 1406 2562 sua
1437 2518 1618 2561 essentia.
1678 2529 1716 2573 7.
1748 2510 1900 2574 Neque
1923 2519 2036 2575 quod
2074 2530 2158 2562 tres
2192 2519 2365 2564 Gradus

393 2576 562 2623 Amoris
584 2574 858 2630 &Sapientiae
887 2575 993 2626 sint,
1026 2571 1252 2616 secundum
1277 2586 1383 2628 quos
1417 2572 1522 2616 Caeli
1543 2572 1720 2628 angelici
1734 2574 1922 2626 „ordinati
1951 2572 2060 2617 sunt.
2117 2572 2369 2631 8.thuod

395 2634 522 2676 Men-s
542 2629 780 2672 humana‘in
806 2628 981 2671 totidem
1008 2626 1158 2683 gradus
1177 2627 1365 2672 distinfta
1388 2628 1462 2680 sit,
1494 2627 1551 2670 ob
1572 2627 1746 2672 causam
1765 2638 1812 2671 ut
1840 2630 1966 2684 poffit
1995 2629 2037 2671 in
2057 2641 2186 2673 unum
2211 2641 2262 2673 ex
2287 2631 2358 2673 tri·
2427 2653 2482 2670 »ι

391 2688 471 2730 hus
495 2684 622 2730 Caeh's
647 2682 740 2739 post
759 2693 941 2726 mortem
963 2681 1146 2733 elevari,
1180 2682 1291 2737 quod
1318 2683 1368 2726 fi't
1389 2681 1715 2737 secundumxejus
1731 2684 1864 2727 vitam
1887 2685 1927 2727 &
1947 2682 2065 2727 simul
2079 2684 2215 2727 fidem.
2246 2697 2286 2734 9.
2302 2685 2359 2728 Et
2432 2704 2439 2740 ς
2455 2706 2464 2722 ι

389 2738 591 2798 denique,
625 2738 739 2796 quod
761 2737 899 2784 omnia
922 2737 994 2779 illa
1011 2749 1094 2779 non
1147 2737 1332 2779 otuerint
1361 2737 1496 2793 quoad
1523 2750 1654 2781 unum.
1674 2737 2102 2799 pungtuaexistere,
2135 2739 2209 2783 nisi
2233 2753 2256 2782 a
2281 2740 2362 2784 Di·
2439 2783 2442 2792 ,Α
2466 2745 2473 2791 ζ

392 2797 495 2840 vino
514 2792 632 2848 Effe,
693 2794 778 2836 uod
794 2792 853 2836 est
875 2790 1014 2851 Ipsum
1034 2791 1075 2833 in
1121 2804 1171 2842 e,
1202 2792 1242 2835 &
1263 2792 1320 2835 fic
1343 2793 1530 2836 P‘rlmum
1555 2790 1596 2836 ἃ
1627 2783 1878 2848 Principium
1897 2804 1949 2834 ex
1974 2806 2059 2848 quo
2080 2794 2230 2846 omnia.
2275 2795 2363 2838 Hae

342 2880 353 2887 α
390 2846 660 2907 cognitiones
705 2850 874 2892 aftenus
898 2846 976 2891 def
1051 2857 1121 2899 nt,
1144 2857 1239 2900 ,per
1260 2860 1375 2901 quas-
1393 2856 1531 2890 tamen
1550 2846 1678 2890 homo
1707 2847 1902 2890 ascendet
1920 2878 1934 2899 ‚
1977 2850 2017 2892 &
2038 2849 2240 2892 Divinum
2262 2850 2358 2893 Effe

387 2903 631 2962 cognoscet.
688 2903 863 2950 Dicitur
879 2934 893 2956 ,
925 2913 980 2958 qu
1072 2901 1199 2943 homo
1225 2899 1446 2954 ascendat,
1479 2901 1546 2944 fed
1564 2901 1812 2965 intelligitur
1835 2902 1948 2958 quod
1969 2916 1993 2945 a
2021 2904 2117 2946 Deo
2138 2905 2327 2947 elevetur
2341 2918 2365 2956 3.

312 2979 316 2982 >
382 2963 488 3005 'nam
513 2958 669 3002 homini
693 2957 752 3002 est
773 2958 971 3002 Liberum
994 2955 1211 2999 arbitrium
1236 2955 1593 3012 comparandisibi
1615 2956 1912 3013 Cognitiones,
1946 2959 1986 3003 «Sc
2006 2958 2112 3001 sicut
2135 2970 2356 3014 comparat

379 3012 457 3062 ‘fibi
475 3015 567 3058 illas
587 3025 638 3054 ex
651 3013 820 3065 Verbo,
834 3012 972 3056 medio
990 3010 1210 3055 Intellectu
1222 3041 1235 3062 ,
1251 3011 1311 3054 ita
1329 3023 1354 3053 e
1415 3010 1527 3054 lauat
1552 3011 1666 3055 viam
1678 3042 1691 3064 ,
1723 3023 1798 3066 per
1818 3025 1942 3068 quam
1967 3012 2089 3056 Deus
2106 3012 2362 3067 descendat,

385 3069 579 3114 acilium
599 3067 752 3117 elevet.
812 3066 1111 3122 Cognitiones,
1143 3076 1218 3120 per
1240 3078 1344 3120 quas
1405 3076 1422 3108 t
1451 3066 1688 3110 Intellestui
1708 3066 1891 3110 humano
1911 3065 2124 3121 ascensus,
2160 3069 2259 3113 Deo
2287 3078 2357 3111 te·-

387 3135 512 3176 nente
528 3123 646 3167 illum
669 3122 710 3176 in
736 3134 885 3174 manu,
917 3124 957 3166 &
982 3121 1188 3172 ducente,
1220 3121 1455 3176 conparari
1476 3121 1643 3176 possunt
1660 3121 1854 3177 gradibus
1878 3122 2011 3167 Scalae
2035 3123 2134 3168 visae
2157 3123 2356 3178 Jacob0,.

385 3192 479 3241 quae
498 3178 582 3226 fuit
600 3176 739 3227 erefita
759 3175 882 3235 super
905 3186 1081 3229 terram,
1125 3175 1245 3233 cujus
1265 3184 1395 3233 caput
1418 3175 1590 3234 pertigit
1618 3176 1660 3223 in
1675 3176 1864 3232 Caelum,
1898 3179 1942 3224 &a
1959 3190 2035 3234 per
2061 3191 2185 3235 quam
2199 3176 2357 3274 Angff'
