2658 3698
347 210 456 288 222·
584 211 1265 282 ‚uuivnusa
1326 170 2173 276 *THE-otoom'

353 347 413 391 est
442 340 635 401 operatio
668 344 717 387 acl
746 336 938 394 favorem
968 352 1141 395 propter
1167 341 1349 398 aliquam
1380 343 1759 388 remunerationem
1779 375 1794 397 ,
1837 345 1878 388 in
1901 346 2051 403 quibus
2077 344 2234 389 duabus
2264 343 2322 387 est

355 401 574 458 proprium
605 398 808 447 hominiS,
853 397 893 438 &
925 394 1106 439 nondum
1142 396 1232 440 vita
1263 410 1286 439 a
1318 397 1538 452 Domino,
1577 397 1644 442 sed
1673 398 1800 457 usque
1832 401 1961 446 homo
1997 413 2071 457 per
2099 409 2322 455 utramque

386 464 569 511 raeparat
591 453 632 496 se
654 460 699 492 ut
724 451 773 510 fit
793 449 1107 512 receptaculum
1128 451 1332 505 Domini,
1364 455 1404 498 ἀ
1425 454 1776 509 quemadmodum
1801 452 1843 498 se
1863 464 2095 512 praeparat,
2116 455 2174 497 ita
2193 454 2321 496 intrat

354 470 594 559 lhominus,
626 508 665 549 &
685 503 791 566 facit
811 513 858 546 ut
888 504 1009 550 Fides
1026 505 1114 567 ejus
1137 507 1338 550 naturalis
1360 508 1435 552 fiat
1461 508 1590 552 Fides
1605 507 1853 565 spiritualis,
1885 510 2072 556 similiter
2094 510 2317 560 Charitas,

360 569 402 610 ἃ
429 565 486 609 fic
523 571 697 616 utraque
728 571 852 610 viva3
884 560 924 621 βε
963 559 1055 602 haec
1086 560 1193 604 fiunt
1213 591 1239 616 ,¹
1267 562 1367 605 dum
1391 563 1523 607 homo
1546 563 1632 607 adit
1650 564 1922 618 Dominum,
1966 575 2013 608 ut
2042 566 2186 610 Deum
2216 562 2324 607 C'aeli

358 624 400 669 ἅ
438 621 597 662 Terrae.
649 615 798 657 Homo
830 626 925 669 quia
964 624 1130 657 creatus
1164 614 1227 659 est
1257 617 1395 672 imago
1427 618 1544 669 Dei,
1592 629 1758 660 creatus
1795 619 1853 662 est
1872 620 2165 662 'habitaculum
2204 618 2316 669 Dei,

355 684 485 729 quare
514 669 617 716 dicit
655 668 864 712 Dominus
885 698 915 728 ⁵.
932 669 1026 733 *Qui
1067 669 1183 716 habet
1212 679 1404 726 praecepta
1448 685 1533 714 mea
1549 702 1564 723 ,
1607 672 1656 720 ὃ)
1675 674 1787 726 facit
1808 675 1911 725 iila,
1952 675 2021 715 illo
2051 671 2105 726 est
2125 675 2194 728 qui
2214 682 2323 716 amat

352 728 453 779 Ille,
484 725 532 774 ἐξ
552 725 637 781 Ego
652 725 794 769 amabo
821 723 963 778 illum,
994 724 1043 772 &³
1062 726 1113 770 ad
1131 725 1243 766 illum
1262 728 1445 778 veniam,
1476 726 1525 774 ὃ)
1546 726 1776 779 mansionem
1794 729 1898 782 apud
1910 728 2024 769 illum
2031 726 2319 779 saciam‚Joh.

353 781 472 826 XIV:
494 793 563 822 21.
591 792 658 835 23.
718 779 861 829 Tum,
893 778 998 820 Ecce
1009 775 1072 832 sto
1089 780 1140 820 ad
1154 779 1324 834 januam
1344 780 1392 827 ὅ)
1405 780 1543 836 pulfh,
1564 780 1603 833 fi
1658 782 1721 822 uis
1751 782 1955 823 audiverit
1980 792 2135 833 vocem,
2168 779 2218 827 ὃ)
2235 787 2323 835 ape·

348 837 482 880 ruerit
507 836 702 893 januam,
730 833 934 888 ingrediar
954 835 1005 875 aci
1024 833 1162 884 illum,
1188 832 1244 883 J&
1254 836 1402 879 caenabo
1418 845 1506 878 cum
1526 835 1617 886 illo,
1631 794 1685 882 {9⁹
1701 834 1769 877 ille
1791 833 1979 888 Mecum,
2001 834 2136 889 Apoc.
2153 833 2227 878 111:
2250 846 2320 876 20.

352 891 420 934 Ex
445 889 508 932 his
536 889 577 932 se
610 888 723 930 uitur
746 887 829 929 hoc
851 884 1120 939 conclusum,
1154 887 1267 943 quod
1287 887 1393 931 ficut
1414 887 1544 930 homo
1570 886 1613 930 se
1638 888 1883 931 naturaliter
1902 898 2112 944 praeparat
2140 888 2190 930 ad
2220 886 2324 930 reci-

384 944 548 990 iendum
627 942 840 994 ominum,
867 941 933 985 ¹ita
956 941 1166 985 Dominus
1193 941 1345 995 intrat,
1379 944 1418 987 ὅ(
1433 941 1547 985 facit
1565 942 1706 988 omnia
1723 943 1832 998 apud
1855 942 1974 988 illum
2000 944 2112 986 intus
2130 940 2323 999 spiritua-

375 1001 436 1051 ia,
472 1001 512 1044 ὅ(
535 998 591 1044 fic
615 997 727 1042 viva.
786 996 893 1039 Vice
914 995 1035 1039 versa
1060 1006 1227 1050 autem,
1261 1005 1465 1052 quantum
1491 998 1622 1043 homo
1646 997 1690 1040 se
1708 1009 1790 1040 non
1810 1009 2042 1060 praeparat,
2069 1007 2233 1041 tantum
2259 1009 2321 1040 re.-
2374 1045 2376 1047 v

354 1062 505 1101 movet
534 1052 767 1098 Dominum
790 1064 814 1094 a
845 1049 914 1103 se,
946 1053 987 1095 ὃς
1015 1050 1122 1094 facit
1149 1052 1290 1096 omnia
1313 1052 1325 1094 i
1359 1051 1400 1094 se
1420 1065 1473 1094 ex
1500 1053 1564 1105 se,
1595 1054 1638 1097 ἀ
1657 1053 1771 1110 quod
1788 1052 1919 1096 homo
1937 1053 2024 1110 ipse
2045 1064 2098 1095 ex
2127 1051 2169 1095 se
2187 1051 2318 1106 facit,

355 1110 441 1157 hoc
463 1121 547 1151 non
569 1107 695 1150 habet
722 1105 878 1163 aliquid
901 1105 1003 1149 vitae
1036 1106 1075 1149 in
1107 1105 1161 1149 sse.
1220 1106 1300 1151 Sed
1395 1120 1419 1150 c
1440 1119 1523 1150 non
1550 1108 1720 1164 poss'unt
1743 1107 1880 1152 adhuc
1901 1109 1942 1152 in
1970 1107 2107 1164 aliqua
2126 1107 2321 1155 lucefisti

355 1163 555 1214 videnda,
587 1160 901 1218 priusquam-de
932 1161 1188 1205 CHARITATE
1219 1163 1260 1206 δε
1281 1162 1334 1204 de
1362 1163 1525 1206 anno
1552 1163 1765 1207 ARnrrRio
1794 1163 1933 1209 astum
1954 1162 2039 1215 est,
2057 1163 2097 1208 δι
2120 1162 2318 1206 videbun-

352 1228 425 1261 tur
452 1218 595 1274 postea
622 1217 663 1259 in
683 1216 836 1271 Capite
854 1216 905 1258 de
934 1217 1282 1262 REEORMATIONE
1311 1218 1350 1261 ἀ
1381 1218 1767 1266 REGENERATJONE.·

408 1278 508 1329 360.
541 1272 588 1315 In
609 1270 951 1317 antecedentibus
973 1271 1132 1314 dictum
1156 1270 1237 1323 est,
1259 1270 1371 1326 quod
1390 1270 1516 1316 Fides
1535 1272 1576 1314 in
1627 1271 1804 1326 rincipio
1823 1285 1846 1314 a
1879 1273 1933 1315 ud
1950 1271 2163 1317 hominem
2183 1272 2234 1315 fit
2251 1285 2319 1316 na-

350 1328 522 1379 turalis,
547 1328 594 1371 .&
614 1326 725 1383 quod
745 1326 857 1374 ‚fient
875 1325 1007 1368 homo
1024 1324 1188 1367 accedit
1209 1325 1259 1367 ad
1292 1325 1546 1377 Dominum,
1613 1334 1657 1368 at
1680 1325 1854 1380 spiritua
1873 1327 1906 1367 is
1922 1355 1935 1377 ,
1970 1325 2157 1370 similiter
2174 1325 2321 1369 Chari-

349 1393 437 1436 tas;
470 1380 537 1424 sed
563 1394 689 1428 nemo
709 1380 844 1427 adhuc
864 1381 987 1423 novit
1011 1377 1233 1424 discrimen
1259 1382 1372 1435 quod
1399 1379 1459 1423 est
1486 1379 1593 1421 inter
1613 1379 1756 1423 Fidem
1793 1382 1834 1425 ὅς
1855 1379 2118 1424 Charitatem
2148 1389 2318 1423 natura-

352 1438 485 1481 ralem
506 1438 559 1482 ⁴&
585 1434 866 1490 spiritualem,
901 1446 1030 1532 quare
1063 1434 1148 1495 hoe
1178 1441 1375 1491 magnum
1406 1435 1621 1478 Arcanum
1655 1434 1933 1491 detegendum
1964 1434 2034 1479 est.
2071 1469 2074 1473 ,
2101 1435 2207 1482 Sunt
2235 1435 2320 1478 duo

350 1491 539 1544 Mundi,
579 1491 801 1534 Naturalis
833 1491 873 1533 ἃ.
932 1487 1162 1543 piritualis,
1210 1489 1317 1533 &in
1349 1498 1533 1546 utroque
1563 1489 1731 1534 Mundo
1764 1489 1822 1533 est
1848 1489 1946 1543 Sol,
1978 1490 2019 1534 ὃς
2050 1501 2103 1533 ex
2135 1500 2319 1546 utroque

349 1547 450 1590 Sole
473 1545 664 1602 procedit
682 1545 812 1589 Calor
833 1544 872 1587 δε
891 1544 1012 1594 Lux,
1037 1540 1105 1584 sed
1126 1541 1258 1587 Calor
1276 1543 1322 1586 .&
1341 1543 1438 1587 Lux
1466 1555 1491 1584 e
1511 1543 1609 1587 Sole
1633 1543 1784 1589 Mundi
1805 1543 2030 1599 spiritualis
2050 1545 2093 1590 in
2116 1544 2157 1588 se
2184 1545 2328 1589 vitam*

347 1601 530 1654 habent,
562 1599 751 1643 vita'illis
772 1598 830 1641 est
853 1609 875 1639 a
918 1597 1109 1642 Domino
1133 1598 1203 1653 qui
1232 1597 1272 1641 in
1300 1598 1440 1643 medio
1466 1596 1576 1640 illius
1601 1599 1710 1642 Solis
1738 1598 1823 1650 est;
1865 1609 1909 1642 at
1938 1599 2069 1644 Calor
2097 1600 2138 1644 δ(
2169 1600 2264 1644 Lux
2295 1613 2320 1642 e

348 1657 449 1700 Sole
475 1652 624 1699 Mundi
653 1652 852 1696 naturalis
877 1651 976 1695 nihil
997 1652 1160 1695 vitae‘in
1183 1650 1226 1695 se
1245 1653 1424 1705 habent,
1456 1649 1525 1695 sed
1544 1650 1775 1698 inserviunt
1805 1652 1969 1697 duobus
1997 1655 2205 1710 prioribus
2233 1667 2320 1710 pro

348 1708 653 1766 receptaculis,
684 1707 792 1751 ficut
816 1705 951 1750 solent
973 1705 1108 1750 causae
1125 1707 1456 1753 instrumentales
1481 1706 1575 1750 suis.
1614 1708 1910 1764 rincipalibus,
1932 1709 1983 1751 ad
2003 1710 2317 1765 promotionem

349 1765 519 1808 illorum
543 1764 594 1815 ad
617 1761 831 1814 homines;
865 1761 1074 1807 sciendum
1099 1761 1241 1818 itaque
1264 1762 1348 1815 est,
1380 1761 1492 1818 quod
1513 1762 1577 1806 Ca
1594 1774 1644 1805 or
1667 1764 1708 1808 δι
1732 1763 1829 1808 Lux
1847 1775 1874 1805 e
1899 1763 1998 1808 Sole
2021 1763 2168 1810 Mundi
2201 1762 2313 1819 spiri-

352 1819 480 1862 tualis
502 1819 581 1862 sint
606 1823 659 1861 ex
691 1817 840 1872 quibus
858 1815 953 1860 sunt
972 1817 1112 1860 omnia
1135 1815 1389 1873 spiritualia,
1431 1816 1527 1860 sunt
1557 1817 1686 1861 etiam
1715 1816 1947 1873 spirituales
1966 1849 1982 1872 ‚
2027 1820 2124 1875 quia
2144 1817 2315 1875 spiritus

352 1875 394 1918 δε
413 1875 504 1916 vita
527 1871 608 1915 illis
638 1873 804 1924 insunt,
840 1882 885 1914 at
904 1872 1034 1916 Calor
1055 1873 1096 1916 δε
1116 1872 1213 1916 Lux
1231 1875 1258 1915 ‘e
1274 1870 1372 1916 Sole
1396 1871 1548 1916 Mundi
1575 1873 1776 1916 naturalis
1805 1871 1898 1916 sunt
1915 1885 1973 1915 ex
2000 1874 2158 1929 quibus·
2172 1874 2317 1917 omnia

353 1929 562 1973 naturalia
584 1926 678 1970 sunt
692 1959 706 1981 ,
739 1941 832 1985 quae
852 1927 892 1970 in
917 1926 959 1970 se
973 1925 1157 1989 spectata
1173 1926 1267 1969 sunt
1288 1925 1440 1983 absque
1460 1925 1605 1982 spiritu
1636 1927 1676 1973 ὃς
1696 1928 1799 1971 vita.
1846 1929 1975 1972 Nunc
1996 1929 2092 1985 quia
2116 1928 2235 1972 Fides
2258 1928 2317 1972 est

348 1984 479 2036 luciS,
513 1984 553 2026 &
575 1983 775 2026 Charitas
792 1982 849 2026 est
873 1982 1050 2037 caloris,
1078 1991 1224 2044 patet,
1258 1982 1371 2040 quod
1393 1988 1596 2037 quantum
1624 1981 1754 2026 homo
1787 1981 1846 2026 est
1877 1981 1921 2025 in
1940 1983 2059 2026 Luce
2091 1984 2132 2027 &
2164 1983 2318 2026 Calore

344 2038 675 2095 procedentibus
694 2050 718 2078 e
740 2037 839 2080 Sole
858 2037 1009 2081 Mundi
1028 2035 1282 2092 sp1ritualis,
1319 2044 1485 2080 tantum
1511 2035 1562 2081 fit
1590 2036 1633 2079 in
1654 2036 1756 2080 Fide
1781 2038 1821 2081 &
1841 2036 2067 2081 Charitate
2082 2037 2312 2093 spirituali,

347 2102 393 2137 at
418 2093 539 2148 equod
560 2101 761 2147 quantum
781 2091 839 2133 est
861 2091 901 2133 in
922 2092 1041 2148 Luce
1066 2093 1107 2135 δε
1127 2091 1269 2134 calore
1326 2090 1620 2136 recedentibus
1640 2104 1664 2134 e
1681 2092 1779 2134 Sole
1800 2091 1952 2134 Mundi
1971 2093 2168 2135 naturalis
2183 2122 2195 2143 ‚
2226 2102 2314 2135 tan-

351 2157 449 2191 tum
468 2147 518 2191 fit
546 2147 589 2190 in
610 2145 711 2192 Fide
730 2147 770 2197 &
790 2145 1009 2205 Charitate
1027 2145 1218 2188 naturali.
1277 2102 1344 2188 ἐκ
1371 2144 1434 2189 his
1467 2144 1652 2205 constat„
1685 2145 1797 2201 quod
1829 2145 1935 2188 ficut
1968 2147 2063 2190 Lux
2085 2146 2316 2202 Spiritualis

347 2202 408 2246 est
427 2203 538 2246 intus
560 2202 602 2244 in
623 2201 742 2247 Luce
761 2200 939 2242 naturali
960 2209 1007 2242 ut
1028 2199 1067 2245 in
1089 2198 1164 2243 suo
1184 2199 1458 2254 receptaculo
1478 2207 1551 2245 aut
1572 2197 1613 2242 in
1637 2198 1710 2244 sua
1733 2198 1854 2242 theca
1869 2230 1881 2250 ,
1900 2238 1902 2241 ,
1913 2202 1955 2246 ,ἀ
1977 2201 2164 2243 {imiliter
2182 2201 2314 2244 Calor

345 2256 571 2312 spiritualis
591 2257 703 2298 intus
721 2255 760 2297 in
781 2254 937 2304 Calore
957 2253 1160 2306 naturali,
1193 2254 1253 2296 ita
1266 2257 1439 2310 „quoque
1465 2253 1585 2296 Fides
1607 2252 1837 2316 spiritualis
1857 2254 1970 2298 intus
2003 2255 2044 2300 in
2069 2255 2169 2308 Fide
2193 2265 2312 2300 natu-

345 2312 427 2359 rali
445 2311 524 2365 fit,
559 2312 599 2356 ὅ(
619 2309 809 2355 fimiliter
838 2309 1031 2353 Charitas
1064 2307 1289 2364 spiritualis
1316 2309 1428 2352 intus
1446 2308 1499 2361 *in
1519 2308 1737 2352 Charitate
1766 2307 1967 2360 naturali3
2000 2310 2040 2352 δε
2069 2309 2152 2351 hoc
2182 2310 2232 2353 fit
2260 2312 2314 2354 e'o

347 2366 507 2423 gradu,
541 2378 627 2421 quo
645 2365 774 2408 homo
799 2364 1069 2421 progreditur
1093 2376 1117 2405 e
1137 2362 1305 2408 Mundo
1324 2363 1503 2406 naturali
1527 2362 1566 2406 in
1585 2363 1794 2415 Mundum
1828 2361 2083 2417 spiritualem
2099 2395 2112 2415 ‚
2145 2366 2184 2408 ἃ
2215 2376 2311 2420 pro·-

344 2421 532 2477 greditur
554 2421 661 2464 ficut
681 2419 814 2473 credit
842 2420 883 2461 in
904 2419 1165 2470 Dominum,
1198 2417 1268 2474 qui
1295 2417 1353 2461 est
1377 2417 1390 2459 i
1423 2415 1464 2460 sa
1490 2416 1612 2470 Lux,
1645 2417 1725 2460 Via
1742 2447 1755 2469 ,
1787 2417 1978 2470 VeritaS,
2013 2420 2054 2463 dc
2088 2419 2188 2461 Vita
2206 2449 2220 2471 ,
2264 2429 2315 2462 ut

344 2474 441 2530 lpse
469 2475 611 2518 docet.
668 2473 883 2534 Quoniam
916 2473 975 2514 ita
1008 2472 1089 2524 est,
1121 2475 1262 2528 patet,
1295 2484 1350 2527 qu
1443 2471 1607 2535 quando
1636 2471 1764 2515 homo
1796 2471 1919 2515 estin
1950 2471 2048 2515 Fide
2078 2472 2311 2528 spirituali,

287 2567 290 2571 .
346 2541 452 2572 tunc
474 2529 600 2571 etiam
623 2528 674 2571 fit
700 2533 741 2571 in
762 2525 860 2568 Fide
879 2527 1085 2577 naturali,
1117 2527 1176 2569 est
1195 2527 1327 2581 enim,
1361 2533 1408 2567 ut
1431 2526 1586 2570 dietum
1615 2524 1696 2578 est,
1727 2525 1847 2569 Fides
1883 2525 2107 2581 spiritualis
2134 2528 2244 2571 intus
2271 2527 2315 2571 in

344 2584 448 2627 Fide
467 2581 671 2632 naturali,
707 2584 748 2626 &
770 2580 868 2636 quia
889 2579 1011 2623 Fides
1035 2579 1093 2622 est
1117 2581 1247 2633 lucis,
1280 2578 1468 2636 sequitur
1487 2611 1501 2633 ,
1530 2580 1643 2635 quod
1655 2580 1877 2635 -pem’llam
1909 2581 2204 2635 insertionem,
2223 2583 2311 2626 Na-

346 2638 482 2682 turale
503 2637 679 2682 hominis
701 2637 776 2681 fiat
798 2635 904 2682 sicut
930 2633 1204 2690 diaphanum,
1236 2634 1276 2678 ὅ(
1300 2634 1412 2690 quod
1441 2634 1620 2691 qualiter
1647 2635 1798 2690 conjun
1830 2636 1916 2679 itur
1949 2650 2048 2681 cum
2077 2637 2312 2689 charitate,

344 2694 425 2738 fiat
445 2692 619 2748 pulchre
639 2691 904 2740 coloratum
936 2687 1062 2747 causa
1086 2689 1169 2740 est,
1203 2689 1300 2749 quia
1320 2688 1516 2735 Charitas
1546 2690 1698 2743 rubet,
1741 2693 1781 2736 δι
1849 2691 1937 2736 ides
1961 2692 2136 2744 candet,
2169 2691 2314 2734 Chari-

346 2757 413 2790 tas
439 2747 563 2789 rubet
582 2759 634 2789 ex
651 2746 820 2789 flamma
840 2744 944 2800 ignis
965 2743 989 2786 s
1014 2743 1211 2796 iritualis,
1244 2744 1285 2789 ἀ
1304 2742 1424 2787 Fides
1444 2745 1594 2792 candet
1611 2757 1665 2790 ex
1688 2744 1888 2800 spendore
1909 2746 2014 2789 lucis
2036 2746 2141 2790 inde.
2199 2746 2313 2790 Con·

348 2802 522 2846 trarium
541 2801 685 2845 evenit
699 2832 712 2853 ‚
745 2800 775 2844 fi
796 2799 821 2842 S
853 2799 978 2841 iritua
997 2811 1021 2840 e
1037 2811 1121 2842 non
1145 2799 1256 2842 intus
1280 2797 1339 2842 est
1355 2798 1395 2841 in
1417 2800 1637 2852 Naturali,
1669 2798 1738 2845 sed
1758 2801 1968 2847 Naturale
1989 2800 2100 2844 intus
2125 2802 2164 2842 in
2186 2801 2314 2857 Spiri-

341 2856 470 2909 tuali,
501 2856 583 2899 hoc
613 2856 664 2900 fit
683 2854 799 2919 >apud
851 2853 1033 2906 omines,
1065 2853 1135 2910 qui
1154 2853 1344 2908 rejiciunt
1368 2854 1489 2900 fidem
1510 2857 1549 2899 ὅς
1570 2855 1843 2906 charitatem3
1864 2856 1973 2910 apud
1993 2856 2069 2899 hos
2095 2857 2313 2901 Internum

340 2913 493 2956 mentis
515 2923 690 2963 eorum,
722 2923 762 2952 m
792 2921 877 2966 quo
900 2907 994 2952 sunt
1022 2907 1188 2964 quando
1210 2908 1282 2952 fibi
1306 2908 1438 2966 relicti
1464 2909 1653 2964 cogitant
1676 2941 1689 2961 ,
1731 2909 1789 2953 est
1817 2909 2041 2965 infernale,
2074 2912 2115 2958 δε
2144 2923 2314 2971 quoque

338 2978 396 3008 ex
420 2965 590 3008 Inferno
617 2965 812 3022 cogitant
830 2995 843 3016 ,
877 2963 1038 3008 tametfi
1067 2963 1106 3006 id
1145 2961 1359 3014 nesciunt3
1392 2973 1435 3006 at
1461 2963 1696 3008 Externum
1721 2965 1873 3008 mentis
1901 2964 2094 3020 illorum,
2144 2978 2197 3008 ex
2227 2967 2314 3023 quo

342 3021 576 3075 loquuntur
601 3033 706 3070 ,cum
736 3019 943 3064 consociis
968 3020 1008 3062 in
1021 3018 1223 3069 Mundo,
1256 3017 1313 3061 est
1335 3018 1441 3063 licut
1462 3016 1701 3074 spirituale,
1736 3018 1803 3061 sed
1829 3019 1911 3065 hoc
1933 3021 2139 3069 refertum
2170 3021 2230 3065 est
2252 3030 2313 3064 ta-

312 3122 315 3124 ,
341 3074 452 3117 libus
472 3074 696 3128 immundis
723 3105 736 3127 ,
780 3074 917 3129 qualia
946 3073 1040 3129 sunt
1069 3073 1110 3117 in
1140 3071 1337 3126 Infern03
1369 3086 1498 3131 quare
1516 3073 1556 3118 hi
1582 3073 1677 3121 sunt
1701 3075 1743 3120 in
1764 3073 1933 3123 inferno
1951 3074 1987 3130 ,ς’
2010 3075 2105 3125 sunt
2135 3075 2314 3124 enimin

336 3127 450 3181 ,statu
486 3128 659 3177 inverso
688 3127 919 3186 respective
942 3129 993 3178 ad
1017 3128 1181 3188 priores
1208 3127 1315 3186 illos.
2291 3175 2293 3177 .

1245 3194 1249 3197 “
1793 3212 1810 3237 2
2216 3189 2314 3244 361·
