2658 3698
425 262 1330 342 ‚272qu1vE1RsA
1405 263 2181 333 THssEOLoGIA

491 411 544 454 41
558 410 592 441 1.
624 395 821 449 Legitur,
853 393 1023 446 Amabis
1043 393 1260 447 Dominum
1280 393 1412 437 Deum
1419 394 1543 450 super
1562 395 1716 445 omnia,
1750 393 1800 442 &²
1822 392 2054 445 Proximum
2067 391 2181 448 ficut
2204 392 2412 448 te—a‘psum,

433 454 543 499 Luc.
578 451 634 494 X:
669 461 735 503 27.
768 460 908 491 amare
927 448 1171 505 proximum
1204 448 1312 493 ficut
1341 447 1542 504 seipsum,
1573 448 1633 492 est
1659 447 1777 491 illum
1807 459 1898 502 prae
1929 446 1972 490 se
1995 459 2079 490 non
2117 456 2410 499 contemnere,

435 520 487 550 ac
510 505 615 559 juste
645 515 743 546 cum
774 501 850 545 illo
879 515 1030 558 agere,
1062 505 1103 559 ἀ
1122 504 1175 546 de
1201 502 1277 546 illo
1305 516 1388 546 non
1420 504 1576 547 malum
1590 501 1795 557 judicium
1813 501 1952 546 ferre:
1983 496 2075 546 Lex
2101 501 2334 545 Charitatis
2356 502 2409 544 ab

429 559 528 614 Ipso
551 557 740 600 Domino
761 557 845 599 lata
869 559 908 602 δε
929 557 1027 600 data
1046 556 1104 601 est
1127 559 1220 601 haec
1241 589 1272 612 ,‚
1308 557 1559 620 Quoecunque
1578 559 1785 601 volueritis
1813 565 1859 599 ut
1876 558 2044 612 faciant
2073 558 2184 601 vobis
2213 557 2411 611 homines,

419 615 480 668 fic
506 613 555 661 &⁹
582 626 652 656 vos
666 614 800 667 facite
820 613 927 662 illim
949 613 1028 667 hcet·
1053 615 1159 655 enim
1176 610 1230 668 est
1250 613 1340 656 Lex
1370 612 1418 660 ξδ’
1439 612 1668 666 Prophetae,
1694 610 1858 653 «Matth.
1888 610 1982 655 VII:
2014 623 2078 653 12.
2110 610 2216 655 Luc.
2239 611 2312 655 VI:
2336 623 2407 669 31.

430 681 503 724 3²·
537 666 605 708 Ita
636 675 776 710 amant
802 667 1044 721 proximum
1071 666 1133 708 illi
1151 667 1229 723 qui.
1253 665 1292 708 in
1325 666 1483 708 Amore
1518 664 1625 708 Caeli
1653 662 1778 716 sunt,
1811 672 1854 705 at
1886 664 1956 719 qui
1992 664 2034 706 in
2067 665 2231 723 Amosse.
2257 665 2412 710 Mundi

430 722 555 773 sunt,
588 719 647 763 illi
676 731 817 764 amant
847 721 1093 776 proximum
1122 733 1176 763 ex
1200 719 1367 764 Mundo
1387 719 1428 776 dt
1445 728 1624 778 propter
1656 717 1887 771 mundum,
1919 716 1981 763 illi
2007 727 2161 778 autem⁴
2179 718 2254 776 qui
2279 718 2323 772 in
2350 720 2406 765 A·

430 787 551 822 more
577 772 638 818 sui
662 774 781 828 sunt,
813 784 953 820 amant
972 774 1213 833 proximum
1249 787 1302 818 ex
1323 771 1432 818 se&
1455 782 1630 830 propter
1647 770 1702 815 se.
2247 774 2256 812 ἶ
2383 767 2388 784 ’

425 937 427 939 ·
497 922 657 1002 Quod
673 924 841 979 Homo
863 923 919 979 in
934 893 1169 998 plurali,
1192 923 1285 997 qui
1305 922 1373 995 est
1395 921 1625 978 Societas
1643 920 1812 977 minor
1835 921 1891 981 δέ
1901 892 2100 995 major,
2121 922 2177 982 65
2200 922 2339 998 quod

673 999 871 1054 ,Homo
905 1000 961 1054 in
991 998 1251 1070 compostto
1283 1017 1350 1052 ex
1383 998 1527 1061 illi-s,
1569 999 1670 1070 qui
1693 996 1760 1062 est
1793 997 1999 1053 Patria
2013 1033 2038 1061 ,Κ
2045 991 2125 1068 fit
2208 1020 2210 1022 >

704 1083 712 1090 ’
1019 1073 1317 1128 Proximus
1351 1072 1443 1145 qui
1479 1070 1730 1127 amandus
1764 1070 1858 1145 est
1967 1140 1970 1141 7

529 1238 636 1280 412,
657 1224 748 1280 Illi,
771 1227 841 1283 qui
860 1239 941 1270 non
964 1226 1100 1272 sciunt
1121 1228 1219 1284 quid
1234 1228 1463 1273 ¹Proximus
1487 1228 1527 1270 in
1559 1228 1739 1283 genuino
1759 1225 1903 1279 sensu,
1932 1227 2155 1282 opinantur
2179 1229 2293 1285 quod
2317 1241 2401 1273 non

417 1280 524 1322 al-ius
548 1282 597 1325 fit
619 1294 744 1337 quam
767 1282 896 1326 homo
916 1283 957 1325 in
983 1282 1174 1339 singulari
1193 1314 1207 1335 ,
1230 1285 1271 1327 δι
1288 1283 1402 1338 quod
1425 1282 1626 1325 beneficia
1647 1283 1686 1324 ei
1703 1282 1899 1335 praestare
1917 1282 2402 1338 fit·amareproximum.;

412 1333 488 1382 sed
517 1338 736 1390 proximus
765 1339 806 1381 &
837 1349 957 1380 amor
999 1337 1041 1381 in
1075 1337 1194 1381 i'llum
1231 1337 1278 1380 se
1302 1337 1670 1387 latiusextendit,
1703 1334 1898 1377 ascendit*
1923 1336 2035 1379 enim
2065 1335 2171 1379 ficut
2197 1337 2400 1392 multipli-

413 1399 568 1432 cantur
587 1391 804 1434 homines:
835 1392 927 1446 quis
958 1403 1041 1434 non
1070 1391 1206 1445 potest
1241 1390 1627 1445 comprehendere,
1658 1388 1941 1445 quod-amare
1980 1390 2120 1445 plures
2153 1389 2398 1439 hominesin

410 1446 768 1501 congregatione,
812 1446 863 1488 fit
897 1446 991 1499 plus
1019 1457 1160 1488 amare
1192 1446 1432 1498 proximum
1453 1475 1467 1496 ,
1501 1457 1627 1499 quam
1656 1455 1789 1486 >unum
1814 1443 1858 1487 in
1879 1443 2083 1500 -fingulari
2101 1456 2126 1486 e
2152 1444 2328 1501 ,Congre
2356 1459 2398 1489 a·

415 1499 560 1550 tione,
619 1513 719 1543 uare
738 1499 848 1555 quod
868 1499 1059 1553 Societas
1081 1497 1218 1542 minor
1234 1500 1279 1542 ἃ
1299 1500 1434 1553 major
1454 1498 1506 1541 fit
1524 1498 1769 1550 Proximus,
1793 1498 1852 1542 est
1874 1497 2039 1551 causa,⁴
2057 1498 2242 1556 quiailla
2252 1500 2321 1544 est·
2349 1513 2398 1543 o·

407 1565 494 1603 ,mo
512 1554 553 1596 in
573 1513 747 1608 pqurali,
774 1553 868 1595 inde
887 1551 1075 1608 sequitur
1086 1553 1199 1610 quod
1216 1553 1286 1607 qui
1310 1563 1424 1598 amat
1441 1553 1728 1606 Societatem,
1752 1564 1866 1605 amet
1887 1552 1983 1597 illos
2004 1567 2057 1597 ex
2079 1554 2232 1611 quibus
2247 1554 2397 1602 societ

415 1617 486 1650 tas
529 1608 737 1659 consistit,
787 1616 1046 1663 quapropter
1082 1607 1158 1664 qui
1200 1608 1407 1652 Societati
1447 1608 1554 1651 bene
1582 1609 1678 1650 vult
1708 1608 1750 1652 δε
1778 1608 1883 1651 bene
1922 1607 2065 1660 facit,
2111 1607 2184 1653 ille
2211 1608 2403 1659 consulit
2469 1648 2472 1651 Α

413 1662 599 1717 fingulis.
660 1662 850 1706 Societas
880 1661 940 1707 est
960 1662 1075 1707 ficut
1106 1675 1213 1705 unus
1237 1662 1392 1715 homo,
1424 1663 1552 1707 etiam
1578 1661 1639 1704 illi
1669 1666 1739 1718 qui
1771 1663 1931 1706 intrant
1959 1663 2099 1716 illam,
2124 1661 2396 1719 ‘componunt

411 1715 526 1761 :ficut
558 1729 685 1760 unum
707 1717 903 1769 Corpus,
935 1718 976 1761 &
1005 1717 1314 1772 distinguuntur
1342 1718 1452 1773 inter
1472 1716 1512 1760 se
1532 1717 1638 1760 ficut
1670 1717 1859 1760 membra
1886 1718 1929 1760 in
1958 1731 2044 1760 uno
2074 1728 2282 1773 corpore-J
2300 1719 2394 1766 Do·

412 1771 554 1825 minus
584 1772 625 1815 &
654 1772 706 1814 ab
735 1771 834 1827 Ipso
863 1770 1042 1826 Angeli,
1075 1785 1174 1816 cum
1203 1770 1437 1827 despiciunt
1463 1771 1505 1816 in
1540 1781 1725 1824 terram,
1757 1771 1964 1827 integram
2001 1772 2262 1817 Societatem
2307 1786 2391 1819 non

410 1825 541 1868 aliter
569 1825 742 1879 vident,
774 1838 905 1890 quam
930 1826 1038 1870 ficut
1071 1839 1198 1871 unum
1227 1826 1438 1871 hominem
1456 1858 1469 1879 ,
1501 1838 1552 1869 ac
1583 1824 1755 1870 forman
1786 1826 1874 1888 ers
1910 1838 1964 1868 ex
1998 1825 2269 1881 qualitatibus
2296 1827 2393 1873 illo·

411 1892 534 1930 rum3
564 1880 710 1925 datum
740 1890 867 1926 etiam
900 1880 959 1924 est
988 1881 1087 1924 mihi
1116 1882 1257 1923 videre
1285 1882 1543 1924 Societatem
1609 1881 1785 1923 uandam
1802 1893 1844 1924 m
1867 1879 2392 1935 Caeloaprorsusficutur

409 1948 515 1992 num
546 1935 786 1989 hominem,
817 1937 858 1979 in
878 1934 997 1987 simili
1021 1935 1178 1980 statura
1214 1936 1255 1978 in
1277 1948 1360 1991 qua
1393 1936 1522 1980 homo
1538 1935 1580 1978 in
1648 1934 1772 1978 undo,
1806 1934 1937 1994 Quod
1958 1935 2121 1990 plenior
2149 1934 2269 1983 amor
2291 1949 2391 1992 erga

410 1990 656 2045 proximum
688 1991 737 2034 fit
766 2003 884 2034 amor
912 2002 1012 2046 erga
1048 1991 1332 2043 Societatem,
1367 2004 1492 2047 quam
1521 2002 1567 2032 er
1597 2001 1620 2031 a
1641 1989 1853 2033 hominem
1874 1988 2217 2044 separatumssaut
2232 1991 2390 2037 indivia

408 2042 617 2096 duum,se
634 2045 870 2096 manifestat
885 2045 932 2090 ,in
951 2057 1027 2096 en,
1042 2046 1156 2100 quod
1166 2045 1407 2101 Dignitates
1426 2044 1568 2100 dispen
1589 2052 1712 2087 entur
1724 2043 1949 2087 secundum
1969 2041 2389 2101 Praefectu-rassuper

410 2099 678 2151 societates,
711 2101 752 2143 &
781 2098 862 2141 inis
904 2097 1083 2142 honores
1116 2099 1342 2142 secundum
1375 2098 1474 2141 usus
1503 2104 1622 2154 quos.
1645 2099 1871 2153 praestant:
1895 2097 1994 2143 sunt
2024 2098 2135 2143 enim
2167 2099 2322 2145 Officia
2348 2102 2390 2147 in

407 2153 580 2198 Mundo
610 2152 821 2209 superiora
851 2154 892 2196 ὅ(
922 2151 1127 2201 inferiora
1155 2153 1196 2196 in
1228 2152 1567 2196 sobordinatione
1595 2150 1819 2194 secundum
1839 2151 1932 2206 plus
1954 2155 1995 2202 &
2016 2153 2154 2197 minus
2177 2153 2388 2202 universa·⁴

412 2208 461 2250 Je
490 2208 680 2263 regimen,
697 2206 1072 2263 super-societates
1084 2238 1099 2260 ,
1132 2208 1173 2252 ἃ
1198 2207 1270 2250 ille
1293 2206 1352 2251 est
1374 2207 1491 2260 Rex,
1521 2206 1591 2249 cui
1613 2204 2001 2249 universaliffimum
2022 2208 2207 2261 regimen
2231 2207 2322 2260 ‚est‘3
2345 2210 2385 2255 δι

412 2261 553 2318 cuivis
574 2261 802 2306 secundum
821 2261 1138 2316 amplitudinem
1167 2260 1372 2312 muneris,
1392 2260 1564 2306 &fimul
1586 2260 1694 2310 bona
1706 2256 1808 2302 ‚usus
1828 2272 1922 2315 quae
1973 2259 2134 2312 raestat,
2169 2261 2226 2307 est
2249 2274 2387 2305 remu-

410 2317 602 2369 neratio,
635 2317 795 2373 gloria,
827 2317 868 2361 δε
893 2316 1128 2360 communis
1155 2329 1287 2361 amor.
1336 2316 1424 2362 -Sed
1442 2315 1750 2375 Moderatores·
1768 2312 1887 2368 h'uJus
1919 2314 2059 2375 Vaeculi
2074 2315 2255 2411 <§Joss'unt
2286 2316 2384 2362 usus

408 2370 558 2415 facere
578 2372 619 2416 δε
635 2370 853 2423 consulere
869 2371 1098 2424 Societati,
1132 2371 1172 2415 δε
1191 2369 1321 2426 usque
1346 2383 1430 2416 non
1460 2381 1599 2414 amare
1628 2372 1893 2424 proximum3
1919 2381 2074 2424 quema
2105 2370 2277 2415 modurn
2299 2372 2385 2424 illi,

411 2425 497 2482 qui·
508 2426 604 2467 usus
631 2425 797 2477 faciunt
815 2426 858 2471 ἃ
881 2424 1106 2473 consulunt
1130 2434 1304 2480 propter
1328 2425 1539 2470 Mundum
1554 2455 1572 2476 ,
1601 2423 1643 2469 δι
1671 2421 1936 2478 propterse,
1962 2433 2011 2469 ut
2035 2435 2286 2479 appareant,
2310 2436 2386 2473 aut

410 2489 465 2522 ut
494 2488 742 2528 mereantur,
764 2480 816 2521 ad
845 2476 1070 2532 dignitates
1099 2477 1331 2533 superiores
1362 2479 1510 2529 eveh53
1546 2477 1691 2522 sed..hi
1722 2477 1888 2524 tametfi
1918 2491 2004 2522 non
2023 2477 2313 2524 discernuntur
2339 2480 2388 2525 in.
2406 2499 2445 2507 ν

405 2533 605 2585 Mundo,
638 2530 768 2588 usque
799 2530 1102 2579 discernuntur
1130 2533 1170 2575 in
1211 2532 1356 2584 Caelo,
1387 2544 1513 2588 quare
1542 2532 1624 2575 illis
1655 2532 1724 2587 qui
1757 2543 1811 2575 ex
1835 2533 2122 2631 Amor-cerff
2147 2535 2385 2588 preximum

407 2587 691 2644 praestiterant
711 2585 831 2637 usus,
855 2586 1154 2640 praeficiuntur
1173 2586 1299 2629 etiam
1329 2596 1378 2628 ut
1411 2587 1707 2632 Moderatores
1734 2586 1940 2631 Societati
1958 2583 2073 2633 ,Gaele
2109 2588 2151 2640 i,
2178 2589 2228 2634 ,δι
2253 2587 2325 2632 ibi·
2343 2589 2384 2634 in

409 2641 635 2697 splendore
671 2643 712 2687 ὃς
732 2640 893 2683 honore
919 2638 1039 2690 sunt;
1070 2638 1138 2683 sed
1168 2639 1209 2683 hi
1241 2639 1297 2683 us
1319 2652 1369 2682 ue
1385 2653 1467 2685 non
1487 2643 1527 2685 in
1551 2642 1615 2685 his
1643 2650 1804 2696 ponunt
1827 2654 1928 2694 cor,
1949 2640 2021 2687 sed
2039 2643 2082 2688 in
2103 2642 2252 2689 ussbus.
2283 2642 2380 2690 Cae·

407 2697 489 2740 teri
509 2705 680 2748 autem,
706 2694 846 2750 quiex
871 2696 1032 2738 Amore
1053 2695 1203 2739 Mundi
1231 2696 1282 2739 ὃς
1314 2695 1356 2737 ui
1373 2695 1568 2741 fecerunt
1590 2695 1711 2749 usus,
1734 2697 1992 2750 rejiciuntur.
2379 2716 2383 2745 g

417 2788 420 2791 ,
467 2764 570 2808 413.
602 2749 840 2795 Discrimen
860 2749 1014 2793 amoris
1035 2761 1137 2804 erga
1155 2750 1394 2846 proximum
1424 2753 1464 2797 δι
1486 2756 1575 2805 ejus
1597 2751 1790 2795 exercitii
1816 2762 1914 2805 erga
1933 2749 2145 2795 hominem
2183 2751 2223 2794 in
2248 2752 2382 2808 singu-2

410 2805 516 2858 lari,
551 2807 592 2851 δι
613 2817 710 2861 erga
731 2803 942 2849 hominem
968 2803 1010 2848 in
1035 2803 1156 2858 plura
1175 2805 1187 2847 i
1207 2801 1276 2851 seu
1295 2804 1576 2858 Societatem,
1603 2804 1662 2850 est
1685 2805 1792 2850 ficut
1811 2804 1924 2865 inter
1941 2816 2093 2848 munus
2122 2805 2256 2858 civis,
2278 2810 2377 2850 'mu-

412 2872 492 2903 nus
525 2859 744 2915 praetoria,
778 2861 819 2905 ὅ(
839 2871 990 2903 munus
1013 2857 1155 2910 ducis;
1185 2860 1226 2905 &
1252 2857 1358 2903 ficut
1377 2859 1485 2902 inter
1502 2861 1621 2905 illum
1644 2858 1713 2914 qui
1737 2867 1976 2911 negotiatus
2003 2859 2061 2902 est
2081 2872 2155 2914 per
2181 2860 2267 2906 duo
2288 2862 2376 2908 Ta-

407 2915 555 2966 lenta,
588 2915 629 2958 &
647 2914 767 2958 illum
786 2913 857 2977 qui
882 2924 956 2968 per
979 2913 1148 2965 decem,
1169 2913 1325 2962 Matth.
1346 2914 1489 2960 XXV:
1514 2927 1532 2960 1
1591 2913 1749 3010 *adf313
1781 2914 1821 2960 &
1839 2911 1898 2956 est
1923 2912 2154 2959 discrimen.
2174 2915 2282 2961 ficut
2314 2915 2375 2960 in-

412 2979 483 3011 ter
511 2969 702 3018 valorem
726 2968 813 3013 fich
834 2970 874 3013 δε
898 2967 1271 3019 valoremtalenti3
1299 2980 1350 3011 ac
1375 2968 1484 3012 inter
1510 2980 1537 3011 u
1562 2981 1631 3012 um
1678 2969 1842 3013 rustum
1862 2979 1913 3009 ex
1944 2968 2033 3012 vite
2067 2970 2108 3016 δι
2136 2982 2190 3013 ex
2225 2969 2371 3021 vinea,

413 3021 487 3069 seu
507 3035 560 3064 ex
583 3024 676 3066 olea
700 3023 741 3066 ὅτ
763 3035 815 3073 ex
837 3023 1024 3076 oliveto,
1056 3020 1126 3064 seu
1151 3033 1203 3064 ex
1223 3021 1372 3067 arbore
1393 3024 1433 3067 &
1454 3035 1507 3065 ex
1539 3023 1679 3067 horto,
1739 3020 1937 3067 Ascendit
1960 3023 2088 3068 etiam
2120 3035 2379 3078 amor-erga-

410 3078 654 3134 proximum
681 3075 852 3130 interius
875 3086 918 3119 et
940 3077 1110 3124 interius
1137 3076 1245 3131 apud
1271 3075 1505 3129 hominem,
1539 3077 1579 3123 ὅ(
1604 3077 1711 3120 ficut
1739 3075 1948 3128 ascendit,
1982 3087 2092 3123 amat
2108 3077 2371 3130 'Societatem

409 3141 497 3189 prae
536 3130 704 3176 homine
729 3131 770 3174 in
810 3132 1078 3186 particulari,
1098 3131 1150 3176 .&
1178 3130 1359 3178 Patriam
1389 3142 1475 3187 prae
1502 3131 1752 3177 Societate„
1788 3131 1835 3176 N
1839 3144 1920 3177 unc
1952 3131 2148 3188 quoniam
2178 3130 2369 3180 Charitas

409 3185 594 3238 consistit
612 3186 944 3252 exhencrveile,
978 3189 1018 3240 ὅς
1040 3185 1424 3246 ῑηᾱεζβεηειειςεινε,
1450 3185 1636 3244 sequitur
1657 3185 1768 3247 quod
1799 3186 1871 3233 illa
1895 3199 2015 3246 paene
2043 3186 2228 3244 fimiliter
2249 3197 2366 3237 exem

2282 3251 2371 3289 CCr·
