2658 3698
424 242 535 315 454·
643 232 1303 298 UNIVERSA
1385 231 2195 306 THEoLoGIAV

432 379 536 414 tunc
560 366 652 430 post
676 366 833 408 horulae
855 373 1020 417 tempus
1043 360 1218 423 ,aderant
1239 372 1325 405 tam
1352 362 1498 416 multi,
1530 372 1577 405 ut
1604 376 1721 419 paene
1739 364 1961 420 implerent
1980 363 2159 420 spati-um
2186 365 2328 417 stadii3
2350 375 2398 409 at

430 424 578 480 Angeh
606 422 777 472 desuper
804 429 947 459 omnes
962 415 1207 460 ordinabant
1235 418 1274 459 in
1301 427 1482 474 quatuor
1505 418 1653 462 Caetus
1674 451 1687 473 ,
1715 432 1767 462 ex
1789 420 1937 476 quibus
1969 433 2074 462 unus
2100 420 2316 464 constabat
2345 433 2401 463 ex

432 478 649 526 Ponticis,
681 474 786 515 alter
810 485 862 514 ex
891 471 1104 524 Eruditis,
1137 472 1312 515 Tertius
1331 484 1382 513 ex
1405 473 1610 524 Medicis,
1645 477 1685 519 ὅ(
1705 475 1898 534 Quartus
1921 486 1973 517 ex
1995 475 2197 526 Clericis3
2220 477 2274 518 ad.
2292 488 2402 532 quos

435 535 495 576 ita
524 531 738 572 ordinatos
765 526 974 579 diximus,
1005 524 1212 582 ignoscite.
1228 527 1341 583 quod
1369 528 1595 571 convocati
1622 529 1734 581 fitis,
1765 527 1888 571 causa
1913 529 1999 581 est,
2032 530 2127 584 quia
2151 531 2298 587 Angeli
2331 531 2403 586 qui

437 602 461 630 e
490 586 696 628 diametro
726 579 850 636 supra
878 593 955 623 nos
986 579 1105 633 sunt,
1137 581 1283 624 ardent
1313 581 1418 624 scire
1437 612 1450 633 ,
1496 583 1595 637 quid
1618 584 1667 626 in
1683 583 1875 633 Mundo,
1907 583 1948 624 in
1978 596 2063 636 quo
2094 585 2208 638 prius
2238 585 2398 638 fuistis,

438 637 701 695 cogitavistis
718 637 769 678 de
792 634 1083 687 Conscientia,
1116 637 1156 678 &
1189 636 1283 678 inde
1310 636 1409 690 quid
1443 636 1578 678 adhuc
1615 638 1667 679 de
1692 637 1766 678 illa
1806 649 1861 678 co
1884 636 2030 687 itatis,
2096 639 2261 682 uoniam
2290 641 2402 682 ideas

434 695 597 751 priores
626 693 678 735 de
709 691 861 734 talibus
891 690 1025 742 adhuc
1058 690 1272 740 retinetis;
1301 689 1483 732 relatum
1518 690 1630 733 enim
1658 690 1716 733 est
1745 691 1864 745 Ange
1882 691 1939 740 is,
1973 702 2058 744 quo
2117 692 2184 734 Co
2214 693 2321 738 nitio
2348 695 2411 736 de¹

434 747 709 793 Conscientia
737 747 777 788 in
806 745 972 789 Mundo
993 744 1101 786 inter
1122 744 1386 800 cognitiones
1414 743 1650 798 deperditas
1670 744 1732 787 fit.
1777 744 1891 805 ,Post
1921 744 2037 795 haec,
2069 755 2172 786 exor
2189 760 2204 789 1
2233 745 2372 790 sumus
2383 780 2405 800 ‚v

435 805 478 848 &
497 803 678 859 primum
703 799 990 844 convertimus
1019 811 1101 842 nos
1121 799 1170 842 ad
1190 799 1360 842 Caetum
1378 829 1392 851 ,
1434 798 1504 854 qui
1537 797 1754 841 constabat
1784 811 1837 855 ex
1860 798 2051 841 Politicis
2066 831 2081 852 ,
2123 800 2164 843 ἃ
2186 803 2410 856 rogavimus

433 869 484 901 ut
514 871 567 901 ex
599 858 728 900 corde
755 855 965 906 dicerent,
998 854 1028 897 fi
1050 854 1218 909 placet,
1250 853 1349 909 quid
1376 853 1701 909 cogitaverant,
1730 855 1770 898 &
1808 853 1907 908 quid
1930 852 2023 901 inde
2048 853 2183 896 adhuc
2214 857 2407 911 cogitant

434 914 488 956 de
515 913 810 958 CONscrENTIA
826 941 840 963 ,
872 910 923 952 ad
943 909 1035 952 haec
1061 909 1359 965 responderunt
1375 938 1389 960 ,
1423 920 1529 952 unus
1552 908 1643 964 post
1669 909 1847 951 alterum
1871 939 1887 961 ,
1929 921 2108 964 quorum
2143 908 2409 964 responsain

436 981 567 1013 unum
595 967 775 1010 collecta
807 974 948 1017 erant,
980 964 1094 1020 quod
1119 975 1201 1008 non
1231 962 1362 1006 fciant
1385 962 1496 1005 aliud
1517 976 1642 1019 quam
1667 963 1779 1020 quod
1805 962 2073 1007 Conscientia
2096 963 2146 1007 fit
2168 963 2309 1008 secum
2330 963 2405 1007 sci-

435 1036 482 1066 re
511 1023 572 1065 ita
601 1020 792 1065 conscire
851 1020 920 1063 uid
940 1020 1142 1072 intendit,
1173 1018 1406 1075 cogitavit,
1438 1017 1553 1081 egit,
1583 1020 1623 1063 &
1646 1019 1854 1074 loquutus.
1880 1018 1963 1062 est·
1995 1018 2063 1061 sed
2083 1018 2267 1063 diximus·
2291 1020 2403 1072 illis,

433 1076 807 1133 non'quaefiv'imus
819 1033 877 1117 3e
895 1075 1156 1130 etymologia
1181 1074 1303 1118 vocis
1323 1071 1635 1128 Conscientiae,
1668 1071 1736 1116 sed
1760 1073 1811 1115 de
1836 1072 1932 1116 Con
1946 1073 2132 1126 cienda,
2178 1075 2219 1118 ἀ
2241 1072 2411 1129 respon-

434 1134 636 1184 debatur,
669 1130 765 1186 quid
787 1129 1055 1173 Conscientia
1076 1129 1188 1172 aliud
1210 1142 1335 1186 quam
1367 1127 1490 1171 dolor
1519 1142 1572 1171 ex
1604 1139 1907 1182 praeconcepto
1939 1129 2093 1172 timore
2124 1128 2410 1173 discriminum

440 1187 610 1230 honoris
634 1196 705 1229 aut
730 1197 884 1239 opum,
918 1186 958 1228 &
980 1197 1149 1240 quoque
1176 1183 1303 1227 famae
1322 1193 1505 1239 propter·
1520 1183 1591 1225 illa
1613 1182 1722 1233 duo,
1756 1193 1801 1224 at
1828 1182 1902 1225 ille
1926 1183 2052 1226 dolor-
2073 1181 2304 1226 discutitur
2331 1196 2407 1239 per

438 1242 584 1297 epulas
619 1241 660 1285 δι
697 1251 772 1294 per
805 1239 988 1295 cyathos
1013 1239 1162 1282 nobilis
1195 1238 1281 1281 vini
1303 1269 1317 1291 ,
1363 1239 1403 1280 &
1441 1249 1516 1292 per
1545 1235 1917 1280 sermocinationes·
1948 1239 2000 1281 de
2033 1238 2139 1281 ludis
2168 1239 2339 1281 Veneris
2370 1240 2411 1283 &

436 1298 524 1350 eJ‘us
555 1295 698 1350 pueri3
731 1295 781 1336 ad
811 1295 902 1336 baec
925 1294 1131 1344 diximus,
1161 1291 1427 1345 joculamini‚
1459 1291 1587 1334 dicite
1612 1292 1644 1334 fi
1666 1292 1812 1342 lubet,
1845 1304 1945 1334 num
1966 1291 2114 1347 aliquis
2133 1304 2157 1333 e
2179 1292 2301 1335 vobis
2323 1291 2410 1336 sen-

441 1352 590 1394 tiverit
620 1349 790 1404 aliquod
817 1349 987 1391 anxium
1010 1346 1198 1398 aliunde,
1230 1345 1534 1401 respondebant
1550 1375 1565 1396 ,
1629 1345 1698 1386 uid
1725 1345 1919 1395 aliunde,
1952 1345 2064 1388 estne
2086 1356 2205 1388 totus
2224 1346 2412 1401 Mundus

441 1407 550 1451 ficut
573 1404 834 1457 Theatrum,
867 1401 990 1457 super
1012 1415 1098 1457 quo
1124 1399 1297 1455 quisque
1338 1399 1424 1454 agit
1454 1398 1570 1442 suam
1626 1410 1772 1442 cenam
1795 1430 1810 1452 ,
1853 1401 2204 1454 quemadmodum
2231 1402 2411 1445 co'maedi

436 1461 562 1515 super
592 1456 692 1508 suo;
724 1458 926 1500 eludimus
958 1457 998 1499 &
1024 1455 1385 1497 circumvenimus
1405 1452 1604 1514 'quoscun
1637 1465 1689 1496 ue
1731 1466 1785 1496 ex
1829 1452 1902 1496 sua
1933 1455 2300 1510 concupiscentia,
2333 1456 2412 1499 hos

437 1513 647 1565 ludibriis,
679 1513 754 1555 hos
790 1508 1157 1559 assentationibuS,
1187 1508 1265 1550 hos
1292 1507 1474 1560 astutiis,
1505 1508 1582 1550 hos
1636 1508 1793 1554 mulata
1815 1509 2030 1562 amicitia,
2057 1510 2134 1554 hos
2153 1509 2258 1555 ficta
2286 1511 2412 1556 fince-

416 1603 420 1606 «
438 1572 593 1621 ritate,
627 1568 666 1610 ὅ(
686 1566 762 1608 hos
781 1565 860 1607 alia
888 1563 1063 1619 politica
1089 1572 1180 1606 arte
1201 1563 1241 1606 &
1262 1562 1466 1618 pellacia,
1501 1564 1595 1606 inde
1615 1563 1736 1607 nobis
1754 1563 1895 1606 nullus
1913 1565 2037 1608 dolor
2060 1566 2210 1610 mentis
2227 1565 2311 1618 est,
2343 1565 2414 1608 sed

441 1639 467 1668 e
490 1632 666 1670 contra,
682 1638 688 1640 ”
702 1619 890 1662 hilaritas
912 1620 951 1662 δι
966 1618 1143 1670 laetitia‚
1174 1630 1277 1674 quas
1299 1616 1485 1672 expanso
1506 1619 1682 1673 pastore
1708 1618 1841 1661 tacite
1861 1620 1902 1663 ὅτ,
1927 1619 2056 1676 usque
2088 1622 2211 1676 plene
2230 1619 2412 1676 exspira-

443 1690 562 1727 mus3
592 1674 829 1718 audivimus
846 1673 1012 1730 quidem
1041 1682 1095 1716 ex
1115 1672 1322 1728 aliquibus
1343 1684 1367 1714 e
1395 1672 1538 1716 nostro
1560 1670 1777 1725 sadalitio,
1811 1674 1925 1728 quod
1950 1675 2049 1718 illos
2078 1676 2250 1719 alternis
2271 1673 2412 1731 super·
2462 1690 2464 1693 ’

440 1730 604 1775 venerit
621 1728 808 1772 anxietas
834 1730 875 1773 δι
891 1727 1074 1784 angustia
1097 1727 1205 1771 ficut
1229 1726 1369 1769 cord-is
1387 1727 1427 1770 ἃ
1445 1728 1655 1782 Ρεόὶοτίε,
1671 1728 1818 1771 &inde
1837 1727 1945 1771 ficut
1971 1731 2208 1774 cmtrastio
2227 1729 2379 1774 mentis
2395 1762 2414 1783 ,

440 1787 510 1830 sed
536 1786 587 1828 de
610 1783 675 1827 his
695 1784 794 1827 dum
817 1781 1098 1839 quaefiverunt
1119 1782 1477 1837 pharmacopolas
1498 1812 1512 1834 ‚
1549 1782 1743 1827 instructi
1770 1780 1890 1835 sunt,
1925 1784 2039 1839 quod
2061 1784 2139 1828 sint
2157 1796 2210 1826 ex
2231 1785 2411 1828 humore

436 1839 748 1886 melancholico
767 1838 943 1881 oriundo
958 1850 1014 1879 ex
1034 1836 1241 1893 indigestis
1264 1837 1309 1881 in
1325 1836 1602 1889 Ventricu-lo,
1635 1846 1709 1879 aut
1741 1848 1794 1878 ex
1818 1850 1935 1892 aegro
1960 1838 2067 1881 statu
2090 1839 2234 1891 lienis,
2263 1836 2334 1881 sed
2361 1839 2415 1881 de

467 1894 681 1939 uibusdam
707 1905 759 1935 ex
794 1894 857 1936 his
881 1892 1119 1936 audivimus
1143 1891 1422 1935 hilaritatibus
1464 1890 1551 1935 suis
1607 1890 1786 1933 rioribus
1820 1897 1900 1944 per·
1923 1892 2149 1947 pharmaca
2182 1893 2411 1939 restitutos.

471 1950 661 2005 ostquam
681 1949 773 1992 haec
791 1948 1053 2001 audivimus,
1085 1945 1372 1990 convertimus
1394 1958 1471 1989 nos
1491 1946 1542 1989 ad
1602 1955 1754 1997 aetum,
1787 1946 1858 1999 qui
1886 1946 2103 1993 constabat
2126 1959 2178 1989 ex
2198 1943 2410 2000 Eruditis,

434 2007 547 2048 inter
571 2017 678 2060 quos
703 2003 831 2046 etiam
854 2013 977 2045 erant·
991 2003 1133 2059 plures
1153 2001 1336 2057 phyficae
1361 2002 1460 2044 artis
1484 2000 1626 2059 gnari,
1659 2000 1700 2044 &
1730 1999 1939 2055 alloquuti
1962 2001 2062 2045 illos,
2085 2001 2294 2054 diximus,
2333 2015 2414 2046 vos

439 2060 513 2115 qui
542 2057 735 2103 Scientiis
759 2058 989 2109 studuistis,
1021 2058 1061 2100 &
1090 2056 1185 2099 inde
1218 2056 1369 2100 crediti
1397 2056 1492 2100 estis
1521 2055 1734 2112 sapientiae
1755 2055 1968 2109 Oracula,
1999 2055 2129 2099 dicite
2141 2088 2160 2110 ,‚
2188 2056 2219 2101 fi
2246 2056 2412 2112 placet,

441 2113 544 2170 quid
574 2111 868 2164 Conscientia,
900 2113 940 2156 &
962 2110 1270 2166 responderunt
1284 2142 1298 2164 ,
1315 2124 1408 2166 quae
1430 2112 1564 2167 qualis
1587 2110 1679 2154 haec
1697 2122 1777 2166 pro
1809 2111 1956 2164 ofitio,
1973 2111 2208 2163 audivimus
2229 2106 2412 2167 quidem,

440 2167 556 2226 quod
581 2167 690 2222 apud
715 2165 914 2221 quosdam
936 2165 986 2209 fit
1013 2165 1200 2217 tristitia,
1230 2178 1386 2209 maeror
1409 2168 1449 2210 δι
1479 2167 1694 2217 anxietas,
1727 2166 1769 2207 in
1792 2165 1924 2208 estans
1953 2179 2036 2209 non
2057 2166 2186 2210 modo
2213 2166 2412 2221 gasti-icas

437 2235 485 2266 re
514 2223 629 2265 iones
657 2221 871 2276 corporis,
902 2219 972 2262 sed
995 2221 1124 2264 etiam
1149 2220 1388 2263 habitacula
1409 2221 1590 2274 mentis,
1622 2232 1699 2263 nos
1727 2219 2068 2263 enimcredimus
2090 2221 2202 2282 quod
2223 2220 2308 2261 duo
2333 2219 2414 2263 Ce-

439 2236 564 2322 re{ra
586 2276 663 2320 fint
692 2276 764 2318 illa
795 2275 1057 2327 habitacula,
1087 2274 1128 2317 &
1152 2275 1249 2330 quia
1279 2274 1370 2318 haec
1398 2288 1452 2317 ex
1476 2275 1790 2319 continentibus
1818 2275 1933 2319 fibris
1957 2273 2142 2318 confistlt
2165 2285 2187 2327 ,'
2220 2274 2334 2330 quod
2363 2274 2414 2318 fit

441 2331 592 2387 aliquis
612 2332 763 2374 humor
785 2329 916 2382 acris,
949 2330 1020 2386 qui
1044 2329 1170 2374 fibras
1188 2330 1246 2373 ibi
1273 2330 1472 2386 vellicat,
1502 2331 1669 2375 mordet
1689 2332 1730 2374 ἀ
1750 2330 1889 2383 rodit,
1920 2330 1961 2373 δι
1980 2329 2038 2373 fic
2066 2327 2270 2384 sphaeram
2292 2329 2411 2385 cogi-

439 2389 650 2430 tationum
676 2384 829 2430 mentis
854 2384 914 2426 ita
935 2385 1201 2440 comprimit,
1235 2395 1281 2428 ut
1297 2393 1384 2441 'non
1406 2386 1529 2440 poffit
1552 2386 1594 2428 in
1623 2385 1764 2438 aliqua
1781 2384 2091 2427 obleetamenta
2115 2396 2168 2427 ex
2190 2383 2409 2428 varietati·

440 2442 521 2483 bus
540 2439 718 2491 effundi,
750 2439 845 2480 inde
863 2439 937 2490 fit,
970 2439 1085 2493 quod
1108 2437 1398 2483 homo'ffil’um
1428 2440 1498 2482 uni
1531 2440 1592 2481 rei
1618 2438 1805 2480 intendat
1827 2469 1847 2490 ,
1883 2449 1937 2480 ex
1965 2450 2051 2494 qua
2074 2437 2184 2494 perit
2217 2438 2418 2482 fibrarum

439 2493 608 2537 illarum
637 2491 880 2552 tenfibilitas
917 2493 958 2534 &
982 2492 1228 2545 elasticitas,
1260 2494 1368 2536 unde
1404 2493 1569 2536 illarum
1604 2492 1817 2535 obnixitas‘
1846 2492 1889 2536 &
1919 2493 2136 2556 rigiditas,
2178 2505 2231 2534 ex
2265 2492 2417 2548 quibus

440 2548 636 2591 oboritur
661 2554 805 2590 motus
835 2545 1073 2599 irregularis
1102 2544 1323 2599 spirituum
1354 2547 1593 2591 animalium
1612 2576 1630 2598 ,
1692 2545 1732 2588 ui
1766 2560 1790 2588 a
1809 2547 2000 2590 Medicis
2030 2555 2215 2590 vocatur
2235 2547 2416 2599 Ata-xia,

440 2605 484 2648 &
505 2614 673 2659 quoque
692 2599 880 2644 defeetus
903 2599 944 2641 in
966 2597 1252 2644 functionibus
1270 2598 1352 2643 fuis
1380 2602 1454 2656 qui
1475 2611 1660 2644 vocatur
1720 2601 1730 2641 i
1763 2600 1975 2653 othamia3
2007 2600 2142 2644 verbo
2162 2602 2291 2650 Mens
2311 2610 2414 2644 tunc

439 2656 553 2700 sedet
583 2657 690 2701 ficut
711 2654 858 2698 turmis
887 2652 1045 2709 infestis
1076 2652 1262 2708 obseffa,
1293 2668 1372 2698 nec
1397 2654 1438 2698 se
1458 2655 1553 2710 plus
1571 2654 1710 2712 potest
1760 2668 1812 2697 uc
1834 2655 1937 2698 illuc
1961 2666 2157 2708 vertere,
2186 2658 2312 2712 quam
2338 2668 2415 2711 po-

440 2712 519 2756 test
555 2722 653 2754 rota
682 2710 815 2754 clavis
852 2709 976 2753 affixa
1004 2740 1018 2761 ,
1050 2710 1091 2753 &
1117 2721 1241 2765 quam
1274 2710 1410 2764 potest
1444 2710 1561 2752 navis
1592 2709 1754 2753 haerens
1773 2709 1894 2766 super
1910 2710 2130 2766 Syrtibus:
2151 2711 2283 2759 Tales
2296 2711 2421 2754 Men-

439 2768 495 2810 tis
522 2768 563 2811 &
582 2765 677 2810 inde
695 2764 884 2809 Pectoris
903 2763 1098 2820 angustiae
1123 2764 1371 2807 oboriuntur
1391 2764 1504 2818 illis,
1536 2766 1646 2821 apud
1667 2778 1775 2821 quos
1793 2776 1968 2820 regnans
1999 2765 2133 2808 Amor
2154 2767 2316 2862 patitur
2335 2766 2423 2820 J'ac-

439 2829 605 2874 turam,
636 2821 705 2878 qui
726 2820 756 2865 fi
778 2819 1073 2875 impugnatur,
1105 2819 1359 2862 contrahunt
1386 2818 1426 2862 fe
1455 2819 1573 2863 fibrae
1595 2820 1794 2870 Cerebri,
1822 2821 1861 2864 δι
1882 2820 2117 2864 contractio
2137 2820 2148 2861 i
2169 2820 2209 2863 la
2231 2820 2417 2872 inhibet,

439 2887 492 2918 ne
516 2877 641 2920 Mens
667 2875 797 2918 libere
823 2882 1048 2927 excurrat,
1080 2887 1132 2917 ac
1161 2874 1325 2917 delitias
1359 2884 1506 2930 captet
1529 2874 1571 2917 in
1601 2874 1743 2917 variis.
1763 2873 1950 2924 formis;
1992 2874 2090 2926 hos,
2124 2887 2332 2932 quemque
2362 2875 2421 2917 se-

442 2931 623 2975 cundum
646 2930 766 2974 suum
797 2938 1203 2993 temperamentum,
1234 2943 1334 2973 cum
1367 2929 1407 2972 in
1436 2929 1519 2972 bac
1546 2929 1654 2972 crisi.
1672 2926 1797 2980 sunt,
1839 2928 2042 2971 invadunt
2078 2930 2229 2975 diverfi
2257 2928 2422 2987 generis

437 2982 663 3038 phantasiae
682 3016 696 3036 ,
719 2985 938 3029 dementiae
959 2985 1001 3028 ὅ(
1025 2984 1196 3036 deflua,
1229 2986 1275 3029 δε,
1302 2983 1502 3040 quosdam
1531 2982 1853 3026 cerebrofitates
1898 2983 1940 3026 in
1971 2983 2171 3040 religiosis
2187 3017 2207 3038 ,
2245 2997 2347 3042 quas
2377 2982 2428 3037 hi„

434 3049 598 3081 vocant
617 3038 898 3083 Conscientiae
924 3037 1104 3083 morsus.
1161 3038 1256 3083 Post
1279 3039 1371 3082 haec
1390 3038 1685 3081 convertimus
1708 3050 1789 3081 nos
1812 3038 1861 3080 ad
1882 3038 2082 3082 Tertium
2115 3038 2286 3085 Caetum'
2301 3070 2324 3092 „
2348 3037 2421 3094 qui

437 3092 654 3138 constabat
676 3105 727 3134 ex
745 3093 948 3147 Medicis,
980 3095 1089 3138 inter
1143 3107 1220 3137 uos
1248 3096 1372 3137 etiam
1396 3102 1516 3135 erant
1553 3092 1822 3149 Chirurgi&
1855 3092 2224 3150 pharmacopolae,
2256 3095 2296 3138 ἃ
2313 3091 2421 3136 dixi-

442 3158 570 3204 mus,
598 3158 680 3195 vos
701 3145 887 3194 fortaffis
906 3148 1023 3196 scitis
1049 3150 1119 3208 qui
1167 3147 1461 3203 Conscientia,
1493 3160 1600 3196 num·
1624 3147 1688 3195 est.
1721 3147 1893 3195 infestus
1917 3147 2051 3203 dolor
2071 3149 2143 3210 qui
2171 3148 2421 3246 corripite&

1331 3237 1334 3240 .
1452 3219 1455 3221 -
1625 3219 1630 3232 ζ
2212 3219 2216 3224 ¹
2379 3214 2425 3245 a·
