2658 3698
398 285 509 352 392.
621 224 1282 332 UuivERsA
1355 266 2187 336 THEonoor-ffi,

403 406 696 460 imputentur,
729 413 781 442 ex
801 398 914 442 omni
933 394 1187 461 experientia
1210 396 1262 440 de
1283 396 1397 460 sorte
1418 397 1615 452 illorum,
1649 400 1793 457 quiex
1817 402 1899 444 hoc
1922 401 2091 447 Mundo
2121 403 2162 446 in
2193 402 2373 459 alterum

403 458 642 509 transeunt,
678 455 873 498 testatum
896 452 997 497 mihi
1017 450 1176 514 factum
1198 452 1278 505 est,
1303 451 1476 510 quisque
1497 455 1714 511 postquam
1737 455 1898 513 aliquot
1915 457 2001 500 dies
2017 458 2075 501 ibi
2091 467 2281 502 moratus
2300 458 2372 511 est,

368 566 371 568 .
401 515 648 571 exploratur
669 510 800 566 qualis
825 509 907 560 est,
939 509 999 550 ita
1018 507 1149 564 qualis
1176 507 1259 551 fuit
1287 508 1327 551 in
1346 509 1478 564 priori
1500 510 1666 554 Mundo
1689 512 1828 567 quoad
1846 511 2113 567 religionem,
2128 527 2214 570 quo
2230 513 2371 567 fatto,

399 570 691 624 exploratores
712 565 952 608 renuntiant
969 563 1054 607 hoc
1078 563 1130 605 ad
1150 562 1314 607 Caelum
1331 595 1345 615 ‚
1378 565 1419 608 δι
1442 574 1543 608 tunc
1566 565 1818 608 transfertur
1835 568 1886 609 ad
1905 568 2082 622 similes,
2112 569 2173 611 ita
2187 568 2238 610 ad
2249 567 2371 622 suos,

398 631 459 670 ita
486 624 535 667 fit
554 621 802 678 imputatio.
862 618 992 683 Quod
1017 618 1246 674 imputatio
1269 619 1367 662 boni
1395 620 1446 663 sit
1469 620 1662 663 omnibus
1687 621 1758 676 qui
1776 620 1961 664 in'Caelo
1982 621 2101 674 sunt,
2135 624 2177 672 ὃς
2194 624 2373 679 imputa-

398 681 461 722 tio
486 678 584 721 mali
603 676 797 719 omnibus
817 676 888 733 qui
912 674 952 716 in
975 673 1164 725 inferno,
1194 674 1334 735 patuit
1366 674 1465 717 mihi
1499 685 1552 716 ex
1585 674 1845 718 ordinatione
1879 675 2096 731 utriusque
2115 689 2140 719 a
2158 677 2371 731 Domino;

396 731 650 780 Universum
673 731 837 775 Caelum
855 729 1092 773 ordinatum
1114 727 1171 771 est
1193 726 1745 772 m'Societates-secundum
1781 741 1929 774 omnes
1954 732 2183 772 varietates
2219 733 2374 778 amoris

400 789 524 840 boni,
558 790 598 833 δι
625 785 881 831 Universum
902 782 1116 827 Insernum
1142 782 1531 826 secundumomnes
1565 784 1795 828 varietates
1827 783 1982 827 amoris
2006 784 2117 829 mali.
2173 784 2373 830 Similiter

398 843 621 888 ordinatur
640 841 830 886 Ecclesia
853 841 894 897 in
915 839 1036 882 terris
1057 851 1081 881 a
1100 837 1316 890 Domino,
1349 837 1442 881 haec
1464 836 1574 882 enim
1601 838 1908 895 correspondet.
1932 839 2076 892 Caelo;
2105 841 2194 894 ejus
2219 839 2374 898 religio

400 899 461 943 est
489 899 661 942 bonum.
722 896 929 940 Praeterea
956 905 1097 992 cinae-re
1126 902 1436 959 quemcumque
1466 892 1570 936 libet
1599 894 1801 951 religione
1830 896 1871 939 ὅτ
1898 894 2017 939 simul
2039 895 2200 954 ratione
2222 897 2371 951 praedi-

400 964 520 1008 tum,
552 954 603 998 sit
622 965 676 995 ex
704 952 783 995 hac
802 964 875 994 aut
902 962 955 1005 ex
1007 950 1081 991 inis
1101 949 1242 991 alteris
1267 949 1457 1005 partibus
1480 948 1608 993 Orbis
1623 980 1636 1001 ‚
1665 963 1794 1007 quem
1814 950 1949 993 credit
1971 959 2195 995 venturum
2217 953 2257 994 in
2277 951 2373 998 Cae·

404 1011 522 1062 lum,
555 1011 596 1054 &
616 1019 742 1064 quem
766 1007 808 1051 in
837 1005 1080 1057 Infernum,
1115 1005 1155 1048 &
1179 1002 1487 1060 respondebunt
1516 1003 1849 1059 consentienter,
1881 1004 1994 1061 quod
2025 1005 2086 1049 illi
2104 1006 2193 1062 ‚qui
2215 1005 2372 1062 bonum

395 1064 565 1108 faciunt
587 1065 628 1107 in
652 1063 833 1114 Caelum,
854 1064 894 1107 ἀ
952 1061 1034 1104 uod
1052 1059 1123 1115 qui
1147 1059 1304 1104 malum
1324 1059 1365 1102 in
1385 1058 1607 1104 infernum.
1638 1060 1811 1116 Insuper
1830 1062 2022 1116 quisnon
2043 1059 2102 1104 sci
2155 1063 2268 1119 quod
2283 1076 2373 1107 om-

400 1120 465 1164 nis
488 1132 614 1163 verus
637 1117 767 1161 homo
794 1126 907 1161 amet
961 1116 1141 1159 ominem
1158 1146 1171 1167 ,
1206 1115 1376 1159 Caetum
1404 1127 1459 1158 ex
1485 1115 1699 1171 pluribus,
1732 1115 1991 1168 Civitatem,
2026 1116 2067 1160 δε
2135 1119 2289 1174 e‘gnum
2318 1131 2373 1161 ex

388 1175 518 1219 bono
537 1185 711 1224 eorum,
742 1172 830 1215 imo
847 1184 930 1215 non
961 1169 1090 1214 modo
1115 1168 1331 1223 homines,
1352 1169 1423 1226 sed
1439 1172 1565 1213 etiam
1591 1170 1765 1222 bestias,
1797 1173 1838 1215 δε
1859 1183 2027 1228 quoque
2050 1172 2300 1225 inanimata,
2323 1182 2372 1216 ut

388 1230 572 1283 domus,
603 1228 898 1283 poss'effiones,
930 1240 954 1269 a
984 1238 1078 1277 ros,
1110 1224 1279 1277 hortos,
1311 1224 1507 1278 arbores,
1541 1224 1712 1281 sylvas,
1746 1236 1902 1276 terras;
1928 1226 2018 1271 imo
2036 1228 2208 1271 metalla
2242 1230 2283 1274 δε
2314 1228 2371 1271 la-

392 1286 542 1342 pides,
575 1295 629 1327 ex
650 1282 842 1326 bonitate
865 1282 905 1325 &
930 1294 956 1323 u
980 1294 1006 1322 u
1028 1280 1219 1331 illorum,
1254 1279 1412 1324 bonum
1435 1282 1476 1325 &
1497 1278 1594 1323 usus
1615 1291 1742 1326 unum
1760 1280 1855 1339 sunt
1876 1293 1890 1332 ;
1934 1281 2033 1336 quid
2053 1293 2137 1326 non
2158 1282 2371 1328 Dominus

398 1349 563 1386 amaret
589 1338 802 1383 hominem
824 1339 865 1382 ὅ(
891 1335 1124 1382 Ecclesiam
1147 1346 1201 1378 ex
1225 1334 1350 1401 bono.

435 1499 596 1583 Qod
633 1498 805 1556 Fides,
829 1494 1197 1570 &Imputatio
1222 1493 1662 1566 Novae'Ecclqssae
1684 1497 2210 1573 nequaquam-postia
2233 1485 2336 1557 unic

399 1591 401 1593 ·
516 1582 518 1585 ’
557 1580 650 1644 effe
684 1591 797 1628 cum
821 1571 931 1644 fide
972 1571 1027 1630 (⁴3
1067 1572 1404 1643 imputatione
1431 1570 1639 1644 prioris
1679 1569 1947 1642 Ecclefiae,
1988 1573 2043 1631 65
2067 1575 2228 1646 quod,
2370 1573 2372 1575 ’

608 1647 672 1718 st
699 1664 802 1701 una
833 1647 992 1713 sunt,
1016 1645 1129 1716 fiat
1167 1645 1287 1715 colli
1307 1664 1352 1699 to
1394 1644 1451 1702 Εό
1483 1643 1735 1716 εαηβὶὶῗὶο
1768 1647 1928 1712 talis,
1962 1658 2024 1703 ut
2046 1660 2148 1722 pe-

853 1732 972 1777 reat
1006 1738 1152 1794 amne
1187 1718 1428 1788 Ecclesc'ae
1467 1719 1612 1793 apud
1642 1719 1905 1776 hominem.

403 1910 407 1912 ·
451 1903 553 1954 647.
576 1894 706 1962 Quod
737 1893 857 1938 Fides
888 1895 929 1939 ὅς
960 1893 1192 1952 imputatio
1211 1902 1338 1937 novae
1358 1892 1562 1937 Ecclesia-J
1575 1903 1664 1936 non
1683 1892 1805 1948 poffit
1829 1899 1917 1938 una‘
1931 1895 2014 1939 effe
2028 1906 2127 1941 cum
2145 1896 2229 1941 fide
2244 1896 2368 1942 &im-

397 1954 623 2010 putatione
653 1951 802 2008 prioris
825 1949 894 1993 seu
917 1949 1052 1993 adhoc
1072 1948 1290 2004 pei-stantis
1310 1947 1538 2000 Ecclefiae,
1568 1947 1626 1991 est
1646 1947 1796 2001 causa,
1859 1949 1925 1992 uia
1937 1962 2022 1993 non
2043 1950 2083 1993 in
2106 1963 2192 1994 uno
2210 1953 2370 2005 «tertio,

395 2022 451 2053 ne
481 2007 648 2065 quidem
678 2008 718 2050 in
749 2017 834 2048 uno
862 2004 1031 2048 decimo
1059 2003 1338 2047 conveniunt:
1377 2002 1493 2046 Nam
1522 2002 1625 2047 fides
1659 1962 2047 2059 prioris›(l‹]cclefiae
2074 2005 2225 2058 docet,
2257 2007 2371 2063 quod

397 2064 452 2107 ab
482 2073 642 2107 aeterno
671 2060 903 2104 exstiterint
931 2069 1017 2102 tres
1034 2057 1225 2103 Personae
1246 2057 1444 2110 Divinae,
1477 2070 1653 2115 quarum
1678 2059 1920 2115 unaquaevis
1942 2059 2176 2117 singulatim
2204 2059 2276 2105 seu
2295 2070 2371 2116 per

396 2117 441 2161 se
460 2118 563 2161 effet
582 2118 725 2167 Deus,
762 2114 937 2158 totidem
957 2115 1085 2157 etiarn
1105 2113 1356 2165 Creatores3
1381 2113 1483 2157 fides
1509 2122 1651 2156 autem
1674 2119 1798 2162 nov'ae
1827 2114 2030 2159 Ecclesiae
2048 2114 2121 2170 est,
2148 2116 2262 2173 quod
2281 2128 2370 2166 mo,-

392 2174 452 2217 do
481 2185 562 2215 una
590 2170 770 2214 Persona
800 2170 958 2214 Divina
970 2169 1077 2221 ,sita
1106 2181 1211 2211 unus
1243 2168 1362 2224 Deus
1394 2168 1446 2223 ab
1472 2177 1633 2211 aeterno
1652 2167 1809 2220 fuerit,
1842 2171 1884 2212 ὅ(
1912 2170 2025 2225 quod
2052 2179 2209 2224 praeter
2224 2169 2370 2226 Ipsum

395 2240 481 2274 non
511 2225 615 2269 alius
645 2226 765 2271 Deus
793 2224 864 2268 sit:
896 2235 1024 2281 quare
1047 2223 1150 2268 fides
1168 2223 1320 2279 prioris
1379 2222 1541 2266 cclesiae
1567 2221 1737 2265 tradidit
1759 2223 1959 2266 Divinam
1983 2224 2244 2268 Trinitatem
2264 2224 2368 2277 divif-

395 2283 487 2327 sam
517 2282 557 2324 in
590 2291 674 2323 tres
706 2278 941 2333 Personas;
968 2288 1017 2321 at
1046 2279 1149 2323 fides
1180 2291 1306 2322 novae
1376 2277 1535 2321 cclesiae
1563 2277 1690 2320 tradit
1710 2277 1911 2322 Divinam
1929 2277 2185 2322 Trinitatem
2211 2279 2388 2328 unitam,

398 2339 451 2389 in„
476 2349 557 2380 una
584 2335 776 2379 Persona.
835 2334 956 2378 Fides
985 2334 1137 2389 prioris
1170 2333 1379 2377 Ecclesiae-
1403 2331 1487 2375 fuit
1511 2333 1552 2376 in
1577 2333 1717 2389 Deum
1747 2331 2018 2386 invisibilem,
2049 2332 2368 2379 inacceffibilem

399 2397 445 2438 ec
473 2390 870 2446 inconJungibilem‚
899 2390 951 2432 de
978 2402 1064 2445 quo
1086 2389 1178 2432 idea
1207 2387 1292 2431 fuit
1324 2387 1457 2445 qualis
1482 2387 1540 2431 est
1556 2387 1810 2444 despiritu‚
1845 2391 1938 2444 quae
1965 2388 2025 2432 est
2041 2387 2148 2431 sicut
2164 2389 2224 2433 est
2242 2390 2294 2432 de
2313 2387 2367 2433 ae'-

400 2449 524 2490 'there
544 2455 617 2488 aut
639 2454 792 2495 vent03
812 2453 856 2485 at
876 2445 978 2488 fides
999 2457 1122 2488 novae
1144 2443 1346 2488 Ecclesiae
1369 2443 1486 2487 estin
1509 2443 1649 2487 Deum
1669 2442 1886 2493 visibilem,
1900 2443 2194 2498 acceffibilem,
2208 2445 2250 2489 δε
2268 2456 2370 2488 con·

394 2500 668 2557 jungibilem‚
699 2500 741 2543 in
760 2510 846 2555 quo
877 2508 926 2540 ut
948 2498 1086 2553 anima
1105 2499 1144 2539 in
1163 2510 1344 2555 corpore
1360 2497 1420 2540 est
1436 2497 1553 2540 Deus
1574 2495 1813 2547 invisibilis,
1836 2497 2132 2542 inacceffibilis
2157 2503 2198 2545 ἀ
2222 2500 2368 2543 incon·

395 2558 470 2612 jun
502 2554 637 2607 ibilis,
666 2553 719 2595 de
755 2564 841 2609 quo
873 2552 932 2595 est
960 2551 1050 2594 idea
1069 2552 1276 2606 hominis,
1310 2552 1407 2609 quia
1428 2552 1546 2595 Deus
1571 2563 1700 2604 unus,
1733 2551 1802 2608 qui
1826 2550 1912 2594 fuit
1935 2553 1989 2595 ab
2011 2562 2197 2606 aeterno,
2230 2552 2370 2599 fastus

397 2610 458 2654 est
472 2570 616 2654 qiomo
646 2608 686 2651 in
716 2617 919 2661 tempore.
966 2606 1086 2650 Fides
1112 2606 1263 2661 prioris
1291 2606 1786 2650 Ecclesiae'tribuitDeo
1810 2605 2002 2649 invisibili
2025 2617 2214 2654 omnem.
2279 2620 2368 2653 ten-

395 2666 530 2718 tiam,
563 2665 605 2709 &
634 2664 741 2707 hanc
774 2662 871 2706 Deo
901 2661 1050 2705 visibili
1077 2662 1280 2718 derogat,
1311 2675 1407 2707 nam
1437 2661 1566 2703 tradit
1621 2660 1705 2703 uod
1725 2662 1843 2706 Deus
1868 2661 1991 2704 Pater
2011 2663 2194 2720 imputet
2245 2665 2366 2716 dem,

400 2722 443 2765 ὅτ,
469 2733 544 2776 per
571 2720 689 2763 illam
717 2718 847 2760 donet
881 2716 1019 2765 vitam
1047 2726 1245 2761 aeternam
1262 2747 1274 2768 ,
1307 2718 1348 2761 δε
1382 2715 1493 2773 quod
1523 2715 1598 2760 visi
1630 2716 1694 2758 ilis
1724 2716 1852 2770 modo
1879 2715 2139 2771 intercedat,
2185 2720 2227 2764 ὅ(
2252 2720 2370 2782 quod

401 2786 606 2832 uterque,
637 2783 710 2817 aut
740 2771 967 2815 secundum
1000 2771 1198 2816 Graecam
1228 2771 1483 2824 Ecclesiam,
1515 2771 1635 2815 Deus
1663 2771 1787 2814 Pater
1805 2770 2182 2826 *SpirituiSanQ-o,
2208 2773 2368 2830 ‘qu1est

401 2831 553 2873 tertius
562 2830 624 2887 ¹‚in
653 2827 796 2872 ordine
825 2828 945 2877 Deus
964 2838 1039 2884 per
1059 2826 1126 2880 se,
1158 2827 1229 2874 det
1251 2839 1417 2870 omnem
1437 2826 1670 2882 potentiam
1689 2825 1887 2890 operandi
1909 2824 2023 2869 istius
2047 2829 2140 2872 fidei
2162 2828 2337 2874 effectus
2351 2842 2371 2883 ;λ

400 2894 447 2928 at
475 2885 577 2931 fides
596 2897 722 2928 novae
745 2882 949 2927 Ecclesiae
978 2882 1126 2926 tribuit
1145 2882 1245 2926 Deo
1267 2882 1439 2933 visibili,
1475 2882 1516 2924 in
1600 2895 1628 2924 o
1649 2879 1887 2932 invisibilis,
1919 2882 2271 2938 omnipotentiam
2290 2885 2368 2928 im·

399 2941 595 3004 putandi,
631 2941 671 2983 &
703 2950 872 2998 quoque
900 2938 1096 2994 operandi
1125 2937 1300 2981 effessius
1330 2936 1489 2980 salutis.
1569 2936 1655 2979 ides
1678 2935 1831 2995 prioris
1858 2935 2058 2981 Ecclesiae
2086 2939 2146 2984 est
2167 2940 2367 2996 primario

393 3007 440 3037 in
473 2994 613 3036 Deum
649 2994 932 3046 Creatorem,
954 2993 996 3037 δε
1025 3006 1108 3037 non
1140 2991 1257 3038 simul
1286 2992 1328 3035 in
1361 2991 1487 3036 Illum
1509 3001 1557 3032 ut
1581 2990 1737 3035 Redem
1773 3001 1907 3034 torem
1931 2993 1971 3035 δε
1996 2993 2261 3039 Salvatorem
2279 3007 2306 3047 3.
2323 3002 2385 3038 at*

398 3047 504 3094 fides
547 3059 671 3090 novae
713 3048 914 3091 Ecclesiae
955 3047 1016 3092 est
1056 3049 1096 3092 in
1133 3061 1262 3092 unum
1301 3049 1442 3092 Deum
1459 3077 1475 3099 ,
1519 3045 1590 3100 qui
1637 3046 1739 3089 fimu
1794 3044 1852 3088 est
1894 3046 2073 3090 Creator
2090 3080 2104 3101 ,
2146 3051 2366 3104 ‘Redemp-

401 3111 472 3147 tor
512 3103 554 3146 &
596 3101 802 3144 Salvator.
882 3102 1005 3146 Fides
1042 3104 1194 3160 prioris
1235 3101 1435 3146 Ecclesiae
1475 3099 1566 3152 est,
1614 3100 1724 3155 quod
1748 3100 1887 3146 ,fidem
1923 3101 2118 3147 donatam
2157 3106 2196 3149 δι
2233 3105 2365 3158 impu-

391 3165 526 3201 tatam
555 3154 778 3211 sequantur
808 3168 860 3197 ex
901 3155 942 3199 se
994 3158 1278 3209 Paenitentia,
1321 3155 1513 3204 Remiffio
1552 3166 1831 3209 peccatorum
1854 3188 1865 3209 ‚
1914 3158 2185 3212 Renovatio,
2234 3161 2365 3213 Rege-

396 3211 583 3265 naratio,
621 3209 932 3264 Sanffificatio,
967 3213 1007 3257 δε
1034 3214 1184 3266 Salus,
1213 3220 1371 3267 praeter-
1389 3210 1516 3267 -quod
1544 3210 1699 3268 aliquid
1727 3210 1904 3257 hominis
1932 3213 2014 3257 illis
2039 3212 2364 3274 commisceatur

392 3278 406 3291 ¹·
673 3275 685 3286 ·
2298 3278 2372 3312 aut
