2658 3698
589 272 999 332 rNoEx
1071 228 2145 332 *MEMORABILIUM
2225 294 2329 346 533

361 403 492 450 LVII.
523 402 654 467 Quod
671 413 839 454 omnes,
856 401 934 456 qui
948 399 1041 455 post
1065 408 1251 444 mortem
1268 397 1313 442 in
1328 399 1542 443 Mundum
1556 397 1820 456 ,spiritualem
1839 400 2035 455 veniunt,
2065 401 2203 457 primo
2223 410 2329 448 tem-

410 469 515 515 pore
537 467 758 501 teneantur
776 458 820 500 in
845 454 1046 500 Externis
1063 483 1079 505 ,
1107 455 1148 497 in
1172 454 1323 510 quibus
1348 452 1522 498 fuerunt
1543 455 1583 498 in
1610 455 1779 499 Mundo
1805 456 2014 509 naturali,
2032 458 2085 502 v&
2110 456 2209 512 quia
2239 459 2324 512 ple-

416 514 564 571 rique,
594 513 756 557 durnin
784 510 983 556 Externis
1001 507 1122 561 sunt,
1154 507 1368 552 moraliter
1391 509 1567 561 vivunt,
1597 508 1869 565 frequentant
1892 511 2102 567 Templa,
2129 514 2171 557 &
2198 524 2322 555 orant

405 570 456 612 ad
485 568 663 622 Deum,
701 568 882 621 credunt
910 563 1023 622 quod
1051 573 1167 607 certe
1196 564 1242 606 in?
1267 563 1432 608 Caelum
1457 564 1623 606 venturi
1654 565 1756 618 (int,
1797 565 1867 609 sed
1892 565 2174 619 instruuntur,
2209 568 2324 622 quod

406 625 543 670 omnis
573 624 714 679 homo
730 621 823 679 post
857 630 1040 664 mortem
1069 617 1295 662 succeffive
1326 628 1457 661 exuat
1498 618 1734 663 Externum
1760 620 1999 673 hominem,
2041 622 2084 666 &
2109 621 2319 677 aperiatur

404 679 599 724 Inter-nus
629 679 760 723 homo
776 709 794 730 ,.
824 677 880 735 δι’
893 675 1008 732 quod
1031 684 1134 716 tunc
1165 673 1365 719 noscatur
1392 673 1521 717 homo
1548 674 1685 772 qualis
1716 675 1775 719 est
1798 676 1839 719 in
1865 674 1939 728 se,
1965 675 2160 732 quoniam
2186 677 2324 722 homo,

404 735 464 779 est
493 736 624 779 homo
650 747 704 777 ex
729 731 964 777 Voluntate
987 730 1028 774 ὅτ.
1056 729 1313 782 Ιῃῑεὶίεέὶιι,
1340 728 1380 771 &
1403 741 1486 773 nou
1514 727 1562 771 so
1581 741 1652 774 um
1678 742 1732 774 ex
1753 731 1932 775 Aetione
1956 732 1996 776 δι
2023 729 2250 788 Loquela,=
2276 734 2319 776 ὅτ.

405 789 519 847 quod
538 789 635 842 inde.
652 789 731 841 fit,
759 786 872 845 quod
891 786 1021 829 homo
1042 785 1167 839 poffit
1190 785 1229 826 in
1250 785 1450 828 Externis
1468 796 1670 839 apparere
1687 785 1795 828 ficut
1819 785 1951 837 Ovis,
1985 787 2149 830 tametsi
2177 787 2219 831 in
2251 785 2319 830 In·

405 845 534 890 ternis
567 843 627 888 est
657 844 766 889 ficut
799 842 973 898 Lupus3
1005 843 1046 885 δι
1082 839 1195 896 quod
1227 837 1321 881 talis
1350 837 1401 882 fit
1427 839 1470 882 in
1499 838 1672 882 interno
1699 840 1782 882 suo
1804 840 1992 892 homine,
2025 841 2097 886 nisi
2121 837 2318 898 exploret

399 899 512 997 rqala
546 898 631 942 suae
669 899 912 998 „valuntatis-
940 898 985 942 δι
1011 895 1105 940 inde
1132 894 1376 938 intentionis
1393 924 1411 946 ‚
1454 893 1501 938 δι.
1526 895 1579 938 ab
1598 895 1661 937 his
1689 895 1975 950 paenitentiam
2006 908 2130 953 agat3
2158 906 2314 954 praeter

448 968 521 998 tua
576 967 619 998 n:
677 959 703 996 6
737 984 750 995 .
1323 983 1326 987 .

345 968 502 1055 nylss.
530 986 606 1072 Qu
687 1004 969 1071 unusquisque
990 1005 1130 1049 Amor*
1147 1001 1331 1059 exspiret
1351 1003 1583 1058 jucundum
1599 1035 1619 1057 ‚1
1654 1003 1724 1048 sed
1779 1004 1881 1055 uod-
1898 1009 2094 1060 'JocuunA
2125 1017 2318 1051 AMORUM

396 1065 439 1107 in
458 1064 626 1110 Mundo
645 1064 827 1106 naturali
854 1073 1016 1116 parum,
1034 1059 1294 1111 sentiantur,
1330 1058 1398 1102 sed
1428 1060 1541 1116 quod
1569 1061 1612 1104 in
1641 1060 1749 1103 Mun
1778 1073 1807 1100 o
1836 1058 2040 1115 spirituali
2071 1061 2319 1113 manifeste,

400 1121 443 1163 &
468 1119 581 1177 quod
604 1119 646 1161 in
667 1118 750 1161 hoc
771 1116 997 1172 aliquoties
1019 1125 1242 1158 vertantur
1270 1115 1310 1156 in
1338 1114 1512 1166 odores,
1545 1115 1587 1159 ὅτ.
1611 1115 1724 1170 quod
1755 1121 1858 1158 tunc
1885 1115 2143 1170 percipiatur
2203 1116 2312 1159 ualia

397 1173 494 1218 sunt
518 1173 701 1228 iucunda
712 1198 740 1225 ,-
758 1174 799 1216 &
829 1170 949 1224 cujus
976 1169 1134 1214 amoris
1165 1168 1288 1231 sunt}
1319 1171 1369 1231 δι’
1381 1170 1495 1224 quod
1516 1170 1800 1225 percipiantur
1814 1170 1998 1224 Jucunda
2018 1170 2173 1214 amoris
2217 1171 2286 1214 oni
2296 1201 2317 1223 ,

429 1229 541 1273 ualia
565 1228 611 1271 in
636 1226 764 1271 Caelis
793 1225 919 1276 sunt,
943 1224 1053 1268 ficut
1080 1223 1328 1280 fragrantiae
1357 1236 1399 1266 in
1430 1224 1564 1267 hortis
1593 1227 1634 1269 ἀ
1664 1224 1856 1277 floretis,
1889 1226 1930 1269 &
1959 1224 2134 1270 viciflim
2162 1225 2311 1280 jucun-

428 1299 453 1328 a
480 1282 636 1328 amoris
665 1282 769 1326 mali>
824 1279 964 1337 qualia
993 1277 1090 1322 sunt
1119 1277 1166 1321 in
1189 1275 1389 1330 infernis,
1420 1278 1528 1322 ficut
1555 1279 1723 1322 nidores
1753 1281 1795 1324 δι
1823 1278 2000 1324 faetores
2019 1293 2073 1323 ex
2098 1280 2251 1336 stagnis
2270 1283 2312 1326 ὅ(

397 1340 584 1390 latrinis;
612 1339 653 1382 ἂ
685 1311 800 1393 quod
829 1334 926 1391 quia
953 1333 1012 1376 ita
1041 1333 1224 1396 oppofiti
1253 1331 1348 1376 sunt
1370 1364 1390 1396 ,²
1424 1334 1586 1378 diaboli·
1620 1333 1865 1377 crucientur
1889 1335 1991 1379 dum
2025 1334 2208 1380 sentiunt
2238 1336 2313 1379 ali·

397 1408 524 1452 quem
554 1393 731 1436 odorem
763 1389 1079 1434 suaveolentem
1107 1388 1231 1441 caeli,
1271 1400 1325 1431 ac
1351 1389 1520 1434 viciffim
1551 1389 1683 1446 angeli
1726 1388 1826 1432 dum
1856 1390 2037 1446 aliquem
2066 1391 2317 1447 graveolen-

396 1461 484 1494 tem
514 1447 670 1493 Inferni
685 1463 702 1492 ε.
728 1445 843 1503 quod
865 1447 923 1488 ita
941 1445 1017 1497 fit,
1047 1455 1124 1500 per
1143 1443 1232 1506 duo
1251 1444 1444 1498 exempla
1463 1444 1761 1494 confirmatum
1777 1444 1849 1488 est.
1894 1445 1961 1488 Ex
1987 1446 2066 1489 hac
2081 1444 2204 1489 causa
2225 1447 2315 1498 est,

392 1505 507 1563 quod
527 1504 682 1548 Oleum
710 1500 915 1545 unetionis
939 1511 993 1542 ex
1016 1508 1256 1542 aromaticis
1281 1509 1473 1553 paratum
1501 1499 1576 1552 fit,
1619 1500 1661 1544 ὃς
1687 1499 1801 1556 quod
1826 1499 1993 1542 dicatur
2020 1500 2073 1542 de
2097 1501 2317 1555 Jehovah,

392 1560 508 1618 quod
542 1571 595 1601 ex
624 1556 877 1602 holocaustis
907 1555 1109 1598 odoratus
1138 1555 1188 1598 fit
1218 1553 1391 1598 odorem
1410 1564 1604 1611 gratum3
1636 1557 1678 1601 δι
1706 1554 1903 1608 viciffim,
1935 1555 2048 1611 quod
2069 1557 2310 1601 mandatum

391 1619 443 1662 fit
472 1614 570 1660 filiis
599 1611 773 1663 Isral-is,
801 1620 849 1654 ut
877 1618 1152 1666 exportarent
1180 1609 1392 1653 immunda
1419 1619 1556 1652 extra*
1572 1609 1734 1662 castra,
1762 1609 1803 1653 ὅ(
1823 1609 1937 1665 quod
1954 1622 2225 1658 excrementa
2244 1612 2308 1655 al-

391 1672 438 1715 vi
465 1668 736 1719 defoderent3
767 1665 899 1710 castra
928 1665 1039 1708 enim
1068 1665 1240 1708 illorum
1269 1663 1621 1720 repraesentabant
1650 1664 1855 1718 Caelumv,
1880 1677 1933 1708 ac
1951 1663 2162 1711 desertum
2188 1676 2311 1711 extra

391 1722 721 1781 repraesentabat
741 1721 991 1773 ⁴infernum,
1021 1732 1067 1763 nt
1088 1725 1190 1782 569.
2221 1741 2223 1743 -

340 1782 458 1830 LIX.
540 1779 623 1822 uod
645 1777 813 1835 quidam
829 1775 1018 1819 novit-ius
1039 1773 1209 1830 spiritus
1222 1804 1235 1825 ‚
1259 1773 1333 1830 qui
1357 1773 1404 1817 in-
1419 1774 1584 1818 Mundo
1604 1773 1787 1820 multum
1806 1774 2033 1818 meditatus
2043 1775 2101 1818 est
2118 1775 2171 1818 de
2181 1775 2311 1820 Caelo·

391 1840 432 1883 &
456 1837 504 1880 In
551 1847 652 1887 me,
683 1830 976 1877 desideraverit
1006 1829 1112 1874 scire
1146 1829 1268 1885 quale
1295 1829 1354 1872 est
1387 1841 1514 1874 unum
1544 1832 1586 1874 &
1608 1829 1787 1874 alterurn
1804 1861 1818 1883 ‚
1850 1832 1891 1874 ἀ
1921 1830 2035 1886 quod
2061 1843 2085 1872 e
2114 1830 2238 1875 Caelo
2268 1832 2308 1875 ei

389 1891 548 1937 diffitum
578 1891 629 1933 fit
647 1919 667 1940 ,,
703 1888 889 1944 lnqmssn
928 1898 1033 1942 omo
1070 1897 1307 1941 JucuNDUM
1342 1897 1401 1928 ET
1439 1896 1710 1936 OOGNEscEs‚
1750 1897 1886 1940 quare·
1904 1885 2051 1928 abiens.
2069 1885 2312 1942 inquisivit,

391 1947 462 1991 sed
491 1945 600 2002 apud
631 1942 798 1999 spiritus
827 1953 943 1986 mere
971 1940 1182 1998 naturales
1210 1939 1251 1983 in
1281 1951 1463 1990 vanum;
1494 1949 1539 1982 at
1567 1939 1770 1983 deductu‘s
1799 1940 1859 1984 est
1887 1940 1939 1984 ad
1969 1949 2056 1984 tres
2086 1942 2235 1987 Caetus
2263 1941 2307 1984 in

352 2036 355 2038 -
391 2001 562 2052 ordine,
589 1999 640 2043 ad
671 2011 796 2041 unum
827 1997 898 2040 ubi
925 1995 1204 2051 explorabant
1231 1994 1380 2046 Fines,
1413 1993 1564 2042 &inde
1587 1995 1686 2039 dieti
1714 1992 1810 2038 sunt
1828 1996 2080 2052 Sapientiae,
2123 1997 2175 2040 ad
2204 1996 2312 2040 alte·

391 2070 487 2102 rum
517 2055 588 2098 ubi
617 2053 876 2097 rimabantur
905 2049 1064 2095 Causa-s
1073 2081 1094 2103 ,.
1110 2050 1176 2112 §c-
1188 2049 1281 2092 inde
1311 2049 1410 2112 disti
1434 2049 1529 2092 sunt
1553 2049 1692 2093 Intelli
1723 2051 1874 2102 entiae,
1899 2054 1940 2097 δι
1962 2051 2017 2094 ad.
2040 2053 2210 2095 tertium
2231 2052 2305 2094 ubi

390 2111 620 2157 lustrabant
649 2108 868 2159 Effectus,
899 2105 1050 2149 &inde
1076 2105 1176 2148 dieti
1199 2103 1293 2148 sunt
1311 2105 1533 2156 Sclentiae3
1565 2106 1606 2149 ἃ
1627 2105 1679 2147 ab
1728 2104 1762 2147 is
1789 2107 1829 2151 <St
1861 2106 1943 2149 illis
1966 2106 2188 2151 insti-ustus
2217 2107 2310 2158 est,-

392 2167 509 2225 quod
531 2166 619 2208 vita
640 2164 776 2206 cuivis
802 2162 975 2218 angelo,
1009 2158 1169 2216 spiritui
1201 2161 1244 2205 ὅ(
1275 2159 1433 2204 homini
1462 2159 1514 2204 fit
1530 2172 1582 2202 ex
1602 2159 1795 2215 Jucundo
1814 2161 1970 2205 amoris
1991 2162 2078 2216 ejus
2092 2193 2105 2214 ,
2129 2164 2170 2206 ἃ
2191 2162 2307 2218 quod

387 2223 591 2266 voluntas
619 2221 660 2263 &
689 2219 897 2275 cogitatio
925 2229 1008 2259 non
1041 2215 1190 2270 possint
1219 2227 1394 2260 movere
1421 2215 1583 2270 pass'um
1600 2245 1613 2266 ,
1654 2214 1726 2259 nifi
1758 2228 1782 2258 a
1805 2217 1992 2270 jucundo
2020 2215 2232 2271 cujusdam
2266 2229 2315 2259 a-

388 2278 547 2328 moris,
576 2278 617 2319 &
643 2276 756 2328 quod
780 2274 863 2317 hoc
882 2272 932 2316 fit
956 2271 1113 2333 cuique
1139 2269 1180 2312 id
1210 2269 1324 2327 quod
1352 2272 1738 2323 vocaturBonum3
1772 2269 1996 2326 &insuper
2018 2273 2131 2326 quod
2149 2272 2311 2326 Jucun-

386 2333 486 2377 dum
507 2331 613 2375 Caeli
641 2331 694 2376 fit
718 2328 948 2384 jucundum
967 2324 1150 2369 faciendi
1169 2325 1325 2368 bonurn
1341 2356 1362 2378 ,‚
1386 2325 1428 2369 &
1445 2326 1560 2381 quod
1581 2326 1812 2379 jucundum
1834 2324 1991 2368 Inferni
2010 2326 2059 2370 fit
2074 2326 2305 2380 jucundum

388 2387 572 2432 faciendi
591 2387 765 2434 malum.
823 2385 882 2429 Ut
913 2381 1050 2426 adhuc
1077 2380 1378 2433 instrueretur„
1403 2393 1456 2422 ex
1481 2378 1655 2435 pro-viso
1684 2378 1867 2424 ascendit
1894 2380 2087 2429 dlabolus
2103 2412 2128 2434 ,.
2159 2383 2199 2425 δι
2229 2394 2310 2423 co·v

385 2456 479 2487 ram
507 2442 585 2485 illo
611 2438 828 2495 descripsit
854 2436 1038 2493 jucunda
1065 2435 1249 2487 inferni,
1278 2435 1392 2491 quod
1421 2435 1551 2478 essent
1575 2434 1759 2489 jucunda
1799 2435 2069 2488 vindicandi,
2119 2435 2313 2478 scortan-

292 2504 301 2506 “
386 2498 455 2551 di,
485 2495 746 2553 depraedandi
762 2526 776 2548 ‚
798 2496 849 2539 -&
872 2490 1208 2549 blasphemandi,
1237 2491 1278 2534 &
1312 2490 1426 2545 quod
1455 2490 1557 2542 illa,
1582 2490 1681 2534 dum
1714 2488 1948 2534 sentiuntur
1972 2490 2103 2535 ibiut
2128 2490 2309 2544 odores,

393 2551 626 2596 sentiantur
649 2559 694 2592 ut
714 2547 927 2602 balsama,
957 2548 1066 2590 unde
1090 2554 1264 2589 vocavit
1282 2544 1353 2588 illa
1369 2544 1536 2588 delitias
1556 2545 1717 2589 narium
1738 2543 1933 2598 suarum,
1962 2558 2007 2589 n:
2019 2557 2122 2601 520.

336 2599 439 2655 EX.
471 2606 601 2670 Quod
630 2604 744 2653 visus
772 2603 824 2648 fit
843 2603 991 2647 Caetus
1014 2601 1235 2666 spirituum
1258 2601 1469 2644 orantium
1499 2599 1557 2642 ad.
1579 2600 1720 2644 Deum
1743 2631 1759 2652 ,
1799 2611 1848 2643 ut
1870 2599 2309 2657 mitteret'Angelos,

387 2663 459 2721 qui
485 2662 730 2705 instruerent
759 2658 858 2701 illos
886 2658 940 2703 de
961 2657 1098 2703 variis
1119 2668 1213 2712 quae
1239 2654 1337 2703 fidei
1362 2653 1491 2707 sunt,
1528 2655 1626 2711 quia
1649 2655 1688 2698 in
1719 2654 1927 2711 plerisque
1949 2656 2163 2709 haefitant,
2195 2668 2310 2710 quo--

391 2719 502 2763 niam
523 2715 726 2761 Ecclefiae
750 2713 861 2756 inter
883 2712 927 2756 se
944 2712 1004 2755 ita
1025 2709 1291 2766 discrepant,
1323 2712 1365 2756 &
1391 2723 1536 2755 omnes
1554 2710 1726 2753 illarum*
1741 2709 1909 2754 minist-ri
1936 2711 2115 2765 dicunt,
2152 2722 2312 2753 cunni*

389 2787 446 2819 TE
472 2785 618 2824 rioms,
645 2781 783 2814 sumus
811 2768 1026 2811 Mmrsriu
1054 2766 1183 2817 Dm,
1205 2776 1274 2809 ἘΤ
1301 2778 1478 2812 scmus:
1509 2766 1553 2809 ὅτ.
1581 2775 1863 2821 apparuerunt
1886 2765 2064 2829 Angeli,
2134 2764 2311 2808 uosin-

391 2835 716 2884 terrogaverunt
734 2824 788 2880 de
805 2823 1028 2867 Charitate
1054 2821 1096 2864 &
1121 2820 1249 2872 Fide,
1281 2820 1335 2863 de
1356 2821 1634 2873 Paenitentia,
1659 2822 1711 2863 de
1736 2821 2087 2877 Regeneratione,
2137 2819 2304 2871 eDeo,.

337 2915 342 2919 -
389 2884 442 2927 de
465 2880 794 2926 Immortalitate
814 2878 964 2927 animae
982 2907 996 2930 ,
1038 2876 1174 2931 deque
1194 2873 1419 2931 Baptismo-
1435 2878 1478 2922 ὅτ
1501 2878 1659 2921 Santta-
1682 2875 1834 2928 Caena,
1856 2875 1917 2918 ‘ad
1939 2890 2032 2932 quae
2059 2875 2216 2931 singula
2236 2886 2309 2930 ξε·-

388 2937 642 2994 fponderunt
659 2936 724 2980 An
754 2933 808 2977 eli
830 2933 915 2986 ita,
950 2942 996 2975 ut
1022 2931 1220 2975 caderent
1239 2931 1281 2973 in
1296 2930 1557 2976 intelle-stum
1580 2932 1748 2975 illorum
1765 2961 1778 2983 ,
1808 2931 2002 2975 dicentes
2014 2943 2167 2986 porro,
2183 2929 2303 2986 quod

384 3004 521 3036 -omne
552 2992 593 3033 id
629 3002 714 3046 quo
769 3001 852 3033 non
878 2987 993 3032 cadit
1019 2988 1060 3030 in
1087 2985 1383 3038 intelleciium,
1425 2986 1477 3030 fit
1512 2987 1622 3031 ficut
1651 2985 1896 3030 seminatum
1927 2987 1967 3030 in
2001 2998 2152 3037 arena,
2186 2985 2310 3041 quod.

335 3072 338 3075 -
390 3057 608 3103 utcunque
633 3043 779 3100 pluvia
806 3042 1028 3100 irrigatur,
1061 3039 1192 3097 usque
1217 3039 1504 3095 emarcescit3
1542 3044 1583 3087 ὅ(
1606 3041 1725 3099 quod¹
1751 3041 1993 3087 Intellectus
2017 3038 2229 3084 occlusus.
2246 3037 2303 3082 eii

334 3136 339 3140 .
386 3103 614 3159 religione,
644 3111 728 3142 non
746 3110 812 3142 am
845 3098 925 3141 lius
957 3098 1099 3145 videat
1126 3097 1351 3153 quicquam
1373 3095 1415 3146 in
1437 3097 1581 3140 Verbo
1605 3109 1656 3138 ex
1685 3096 1805 3148 luce,
1823 3110 1933 3153 quae
1957 3095 2055 3140 inibi
2078 3094 2137 3139 est
2166 3108 2190 3137 a
2210 3094 2308 3138 Do·

387 3159 529 3211 mino,
552 3157 646 3202 imo
669 3152 795 3213 quod.
859 3151 962 3199 illud
986 3153 1092 3210 legit
1118 3152 1213 3210 plus
1245 3153 1285 3198 &
1319 3157 1414 3207 plus
1453 3152 1505 3204 in·
1526 3151 1651 3195 rebus
1682 3151 1786 3214 fidei».
1815 3152 1863 3198 ἃ,
1890 3151 2035 3197 salutis
2065 3149 2306 3207 caecutiat,

329 3246 333 3250 -
380 3225 423 3259 n:
449 3219 550 3257 621.

408 3270 411 3273 '
892 3272 895 3273 ’
1317 3261 1443 3307 Xxx
1473 3276 1510 3320 3,
2194 3255 2324 3309 LXI..
