2658 3698
474 265 711 333 Novi
748 265 999 347 cAEm
1047 263 1166 324 ET
1212 263 1496 333 NovAE
1544 252 2033 330 ECCLESIAE.
2172 291 2284 347 249

295 415 388 451 ram
407 401 532 446 Caetu
557 396 764 455 protulit,
797 395 931 456 ridet,
964 393 1141 439 &forte
1162 394 1306 439 secum
1325 396 1458 450 dicit,
1488 397 1762 495 'projecit-ete
1780 398 1823 444 in
1842 397 2010 453 lacum,
2041 400 2082 445 &
2107 401 2280 456 captavi

294 457 497 506 rhombos
517 456 560 499 «Sc
576 451 787 504 conchas,
818 462 915 513 nam
938 459 988 492 ut
1018 449 1127 493 tales
1160 461 1364 506 apparent
1398 452 1441 495 in
1462 464 1494 508 p
1524 453 1679 498 antafia
1707 455 1796 509 eJ'us
1825 466 1973 499 omnes
2003 455 2076 512 qui
2105 453 2145 498 in
2176 467 2279 500 vera

287 511 517 561 ›fide-sunt.
575 509 650 554 Est
674 509 732 564 hy
820 516 905 548 rita
924 505 1036 549 ficut
1060 504 1283 560 sculptile,
1318 506 1388 548 cui
1413 507 1570 563 duplex
1593 519 1746 564 caput,
1779 521 1907 553 unum
1929 509 2037 554 intra
2064 508 2273 564 alterum,

292 579 429 626 caput
447 566 662 610 internum
682 575 738 607 co
768 570 872 606 aeret
892 573 993 604 cum
1015 569 1172 623 trunco
1200 560 1271 604 seu
1294 574 1500 617 corpore)
1534 572 1756 608 externum
1807 563 1890 608 uod
1905 564 1965 610 est
1990 565 2169 609 rotatile
2196 566 2279 609 eir-

295 638 396 670 eum
422 623 635 666 internum
691 618 752 662 est
774 617 960 661 anterius
982 617 1144 672 pictum
1171 616 1388 662 coloribus
1422 618 1630 674 germanis
1660 618 1768 662 ficut
1810 620 1924 664 acies
1946 619 2126 665 humana
2142 651 2158 673 ,
2191 634 2278 666 nou

293 652 719 732 absimilecapitibus
739 672 888 735 ligneis
917 670 1121 726 expositis
1151 670 1202 714 ad
1227 671 1419 716 tabernas
1441 673 1654 717 artificum
1682 674 1754 730 qui
1788 675 2084 731 capillamenta
2108 676 2286 739 emein-

293 744 410 784 nant.
469 733 543 776 Est
559 731 670 775 ficut
689 728 932 779 Nawcula,
993 739 1090 770 uam
1109 737 1238 770 nauta
1293 739 1339 769 er
1358 727 1688 783 applicationem
1709 729 1794 772 veli
1823 742 1923 775 curn
1953 739 2088 774 vento
2111 733 2152 777 &
2174 745 2277 775 con·

290 803 364 836 tra
382 796 560 833 ventum
581 784 633 828 ad
652 782 844 827 lubitum
853 740 992 839 potest
1015 781 1220 840 dirigere,
1299 784 1442 826 ventia
1458 785 1546 839 eJus
1571 789 1652 847 p‘ro
1685 786 1824 838 omni,
1858 785 1929 842 qui
1953 787 2090 829 carnis
2118 789 2160 831 ὃς
2194 786 2280 832 sen-

292 846 417 892 suum
441 843 531 897 ejus
545 839 740 897 jucundis
765 838 980 896 indulget,
1013 837 1110 880 talis
1129 838 1373 882 velificatto
1396 837 1467 890 est.
1498 851 1500 853 ’
1525 838 1709 883 Mmistri
1727 869 1743 892 ,
1787 839 1860 896 qui
1886 839 1913 882 h
2004 843 2125 885 critae
2156 841 2280 896 sunt,

350 899 474 945 rfeeti
493 894 672 941 comaedi
690 925 706 948 ‚
738 893 882 945 mimi,
918 893 961 937 ὅ(
988 891 1325 938 histriones-sunt
1341 925 1357 947 ,
1382 891 1472 950 'qui
1502 905 1626 950 agere
1652 893 1825 950 poffunt
1912 906 1934 935 r
1952 905 2054 937 onas
2084 897 2244 953 Regum
2262 928 2282 950 ,

342 967 494 1006 neum,
525 951 788 1002 Primatum,
820 947 1133 1004 Episcoporum
1145 980 1160 1003 ,
1193 951 1235 994 ὅ(
1254 954 1358 999 mox
1374 948 1475 994 dum
1497 957 1661 992 exuunt
1682 948 1818 994 vestes
1843 957 1862 991 t
1891 949 2095 1003 eatrales,
2119 952 2281 996 intrant

290 1007 511 1068 lupanaria
529 1008 572 1052 ὅ(
593 1017 692 1048 cum
715 1001 871 1046 scortis
899 1002 1161 1048 cohabitant.
1219 1005 1327 1048 Sunt
1346 1014 1518 1062 quoque
1532 1003 1643 1048 ficut
1660 1002 1804 1058 Januae
1833 1003 2061 1060 pendentes
2089 1018 2113 1048 a
2132 1017 2281 1051 rotun·

289 1067 350 1111 do
367 1062 561 1114 cardine,
593 1059 666 1117 qui
693 1058 804 1100 verti
828 1057 1011 1112 poss’untr
1027 1058 1152 1103 cis&
1178 1068 1320 1111 retro;
1352 1059 1450 1103 talis
1481 1058 1541 1103 est
1569 1058 1698 1103 Mens
1719 1058 1916 1112 illorum,
1949 1058 2044 1103 haec
2071 1062 2183 1106 enim
2203 1074 2278 1117 po-

293 1120 422 1165 test-a
453 1117 550 1160 eriri
570 1129 595 1159 a
619 1121 743 1170 parte
761 1111 942 1165 inferni,
963 1113 1017 1157 ἀ
1036 1125 1061 1154 a
1081 1122 1206 1168 parte
1232 1115 1352 1166 caeli,
1385 1115 1427 1158 ἀ
1446 1126 1548 1158 cum
1574 1122 1723 1170 aperta
1742 1114 1802 1158 est
1822 1114 1969 1159 versus
1990 1127 2118 1160 unum
2139 1116 2275 1168 latus,

291 1176 424 1220 occlu
446 1171 550 1216 aest
572 1168 723 1214 versus
746 1169 953 1219 alterum3
982 1179 1081 1211 nam
1095 1197 1111 1219 ‚
1175 1169 1260 1210 uod
1283 1167 1475 1212 mirabile
1491 1168 1574 1222 est,
1595 1179 1787 1224 tempore
1809 1182 1898 1226 quo
1912 1170 2143 1215 ministrant
2165 1169 2282 1215 sanc-

291 1242 362 1284 ta,
394 1229 435 1277 δι
460 1229 620 1271 docent
641 1236 745 1268 vera
763 1235 815 1267 ex
838 1222 1013 1286 VerO,
1044 1233 1130 1266 non
1144 1180 1288 1283 {lciunt
1310 1222 1435 1266 aliter
1455 1236 1593 1279 -quam
1615 1225 1729 1281 quod
1754 1225 1928 1269 credant
1952 1225 2056 1279 illa,
2080 1226 2138 1270 est
2166 1228 2280 1272 enim

294 1297 399 1330 tunc
415 1285 544 1340 ianua
569 1295 596 1325 a
615 1288 741 1338 parte
758 1277 911 1323 inferm
931 1274 1133 1330 occlusa3
1163 1286 1210 1320 at
1232 1289 1335 1322 mox
1367 1287 1417 1321 ut
1444 1278 1620 1323 domum
1652 1281 1829 1323 redeunt
1850 1312 1864 1332 ,
1896 1293 1982 1324 non
2011 1282 2190 1326 credunt
2219 1282 2282 1325 hi·

291 1342 411 1394 lum,
441 1340 501 1383 est
521 1338 635 1382 enim
663 1345 769 1379 tunc
790 1335 916 1390 janua
935 1346 960 1376 a
980 1342 1104 1389 parte
1123 1332 1217 1376 caeli
1235 1331 1422 1379 occlusa.
1447 1333 1576 1390 Apud
1597 1332 1758 1377 summe
1781 1334 1811 1377 h
1875 1336 2036 1378 ocritas
2056 1337 2114 1380 est
2144 1337 2290 1382 inimi0

294 1396 398 1440 citia
418 1393 612 1438 intestina
631 1400 782 1434 contra
801 1400 905 1435 vere
919 1387 1166 1443 spirttuales
1181 1387 1373 1433 homines
1385 1419 1401 1441 ,
1416 1389 1476 1434 est
1493 1388 1604 1432 enim
1629 1389 1767 1445 qualis
1785 1401 1810 1431 e
1862 1391 2110 1435 Satanarum
2129 1401 2283 1437 contra

292 1451 480 1506 Angelos
502 1447 642 1498 Caeli3
675 1444 789 1502 quod
816 1444 878 1486 ita
897 1443 977 1495 fit,
1012 1443 1065 1485 ab
1091 1442 1173 1486 illis
1195 1456 1280 1487 non
1308 1443 1489 1487 sentitur
1508 1453 1701 1499 tempore
1728 1458 1816 1502 quo
1842 1445 1996 1489 vivunt
2022 1445 2062 1489 in
2087 1447 2282 1503 Mundo,

291 1505 364 1551 sed
383 1505 426 1549 se
442 1502 680 1549 manifestat
703 1500 798 1556 post
818 1508 1002 1543 mortem
1016 1528 1031 1550 ,
1065 1498 1235 1555 quando
1256 1508 1478 1549 externum
1502 1498 1673 1555 illorum
1691 1529 1706 1551 ‚
1755 1513 1831 1557 per
1852 1502 1966 1557 quod
1988 1501 2154 1545 mentiti
2188 1502 2289 1548 sunt

286 1560 563 1618 ,spiritualem
588 1556 824 1605 hominem,
859 1554 1048 1597 ablatum
1071 1552 1159 1606 est,
1193 1553 1389 1610 quoniam
1413 1554 1472 1598 est
1493 1553 1686 1597 Internus
1704 1554 1876 1598 illorum
1905 1556 2060 1609 homo,
2093 1557 2165 1613 qui
2187 1560 2284 1602 talis

294 1618 472 1667 Satanas
497 1611 569 1655 est.
627 1610 708 1654 Sed
731 1609 899 1660 dicam,
932 1608 1114 1663 qualiter
1139 1607 1376 1663 spirituales
1399 1609 1662 1666 hypocritae,
1693 1610 1766 1707 gui
1787 1609 1883 1653 sunt
1911 1614 1984 1670 qui
2009 1614 2054 1655 in
2079 1615 2286 1660 indumen-

288 1674 344 1718 tis
360 1672 495 1715 ovium
521 1668 709 1711 incedunt
724 1698 738 1718 ‚
767 1664 819 1712 ἃ
836 1664 1074 1718 intrinsecus
1080 1663 1183 1718 sunt
1198 1663 1282 1720 lupi
1298 1673 1483 1721 rapaces,
1515 1663 1672 1707 Matth.
1735 1664 1789 1707 II:
1817 1678 1868 1723 15
1883 1696 1899 1718 ‚
1919 1678 2118 1722 apparent
2139 1680 2286 1716 coram

289 1724 464 1782 Angelis
493 1721 627 1774 Caeli,
660 1727 862 1776 apparent
882 1717 990 1761 ficut
1014 1717 1166 1760 harioli
1203 1718 1475 1767 ambulantes
1502 1717 1626 1774 super
1680 1719 1799 1763 almis
1821 1732 2047 1773 manuum,
2084 1732 2282 1776 orantes,

292 1783 366 1839 qui
387 1791 463 1824 ore
488 1791 543 1821 ex
566 1775 696 1822 corde
719 1775 906 1818 clamant
931 1772 982 1815 ad
1005 1772 1242 1826 daemones,
1275 1774 1317 1817 δε
1341 1773 1587 1817 osculantur
1619 1774 1649 1817 il
1669 1787 1742 1826 os,
1775 1772 1844 1816 sed
1877 1776 2155 1832 complodunt
2193 1780 2281 1822 cal-

291 1849 396 1880 ceos
428 1836 471 1878 in
501 1844 620 1885 aere,
653 1833 695 1876 ἀ
714 1831 772 1875 fic
793 1828 943 1872 sonant
967 1828 1019 1871 ad
1040 1828 1212 1881 Deum3
1242 1837 1286 1872 at
1307 1842 1405 1874 cum
1429 1829 1537 1874 stant
1556 1828 1680 1885 super
1699 1829 1899 1885 pedibus,
1916 1842 2119 1886 apparent
2139 1835 2282 1887 quoad

291 1891 445 1935 oculos
468 1891 575 1934 ficut
598 1886 738 1942 pardi,
772 1885 919 1942 quoad
933 1884 1093 1939 gressus
1113 1883 1222 1927 ficut
1244 1884 1358 1940 lupi,
1390 1885 1531 1941 quoad
1555 1898 1604 1931 os
1627 1884 1737 1932 ficut
1759 1885 1938 1943 vulpes,
1962 1886 2108 1945 -quoad
2134 1888 2280 1935 dentes

291 1947 403 1992 ficut
419 1942 635 2000 crocodili
650 1972 668 1995 ,
699 1941 742 1985 &
761 1939 901 2000 quoad
919 1939 1046 1985 fidem
1070 1938 1180 1983 ficut
1204 1940 1412 1985 vultures,
1511 1963 1515 1966 ·

1256 2071 1337 2129 X.

784 2217 945 2300 Qod
974 2188 1123 2275 null)
1146 2217 1292 2291 fides
1312 2219 1392 2292 stt
1430 2217 1580 2296 apud
1609 2225 1786 2279 malos.

347 2373 452 2429 382.
483 2370 646 2415 Omnes
675 2367 736 2412 illi
767 2367 869 2412 mali
894 2365 1013 2420 sunt,
1045 2366 1115 2423 qui
1137 2377 1294 2424 negant
1322 2368 1582 2414 creationem
1602 2369 1755 2414 Mundi
1774 2382 1798 2412 a
1815 2369 1939 2422 De0‚
1975 2371 2016 2414 ἀ
2039 2370 2097 2414 fic
2108 2370 2278 2427 Deum,

290 2434 390 2477 nam
416 2424 514 2469 sunt
541 2423 813 2470 Naturalistae
834 2423 981 2475 athei3
1053 2422 1138 2466 uod
1168 2435 1318 2468 omnes
1352 2423 1414 2466 illi
1450 2426 1552 2469 mali
1578 2425 1683 2477 fint,
1717 2425 1777 2469 est
1806 2426 1903 2482 quia
1933 2437 2059 2468 omne
2083 2425 2239 2470 bonum
2261 2458 2278 2481 ‚

351 2481 408 2526 od
433 2493 518 2525 non
545 2480 676 2524 modo
706 2478 956 2523 naturaliter
981 2436 1053 2522 sed
1072 2477 1201 2523 etiam
1229 2478 1504 2542 spiritualiter
1541 2481 1698 2524 bonum
1727 2479 1811 2543 esi,
1842 2493 1867 2523 a
1884 2481 1983 2525 Deo
2010 2479 2070 2524 est
2090 2512 2104 2534 ‚
2147 2494 2277 2538 quare

287 2537 388 2592 ili,
441 2537 482 2582 ui
499 2544 655 2592 negant
677 2535 851 2588 Deum,
882 2546 965 2578 non
1000 2533 1154 2578 volunt
1184 2535 1226 2579 ὅτ
1262 2534 1360 2578 ideo
1385 2546 1469 2579 non
1500 2536 1674 2600 possunt
1700 2539 1893 2591 recipere
1917 2535 2088 2591 aliquod
2117 2536 2278 2582 bonum

291 2593 404 2638 aliun
433 2606 484 2646 e,
518 2604 646 2648 quam
668 2603 722 2634 ex
741 2590 817 2633 suo
836 2589 1034 2654 proprio,
1047 2589 1089 2632 δι
1111 2589 1332 2652 proprium
1356 2590 1538 2635 hominis
1559 2590 1618 2635 est
1637 2589 1982 2646 concupiscentia
2004 2591 2141 2635 carnis
2161 2593 2277 2647 ejus,

290 2650 334 2694 ἃ
355 2647 556 2706 quicquid
578 2659 634 2690 ex
655 2647 734 2692 hac
755 2645 975 2701 proced1t‚
1011 2644 1287 2709 spiritualiter
1308 2645 1464 2690 malum
1491 2648 1551 2692 est
1559 2678 1575 2700 ‚
1594 2656 1813 2702 utcunque
1832 2646 2079 2690 naturaliter
2099 2658 2279 2702 apparet

289 2703 476 2748 bonum:
507 2702 548 2747 hi
570 2701 666 2746 sunt
687 2700 921 2745 theoretice
942 2699 1069 2752 mah3
1100 2709 1144 2743 at
1166 2701 1353 2765 prastice
1377 2702 1480 2747 mali
1504 2702 1626 2755 sunt,
1659 2702 1731 2758 qui
1751 2701 1869 2744 nihili
1886 2700 2054 2745 faciunt
2069 2703 2277 2756 Praeceps

294 2766 340 2801 ta
361 2758 542 2811 Divina,
578 2771 672 2815 quae
704 2757 747 2801 in
778 2755 945 2800 summa
971 2754 1138 2800 exstant
1166 2768 1208 2800 1n
1230 2757 1484 2820 Decalogo‚
1516 2760 1559 2803 ἀ
1590 2756 1744 2801 vivunt
1775 2756 1886 2801 ficut
1912 2756 2079 2813 exleges
2105 2788 2120 2809 ,
2164 2754 2278 2813 quod

293 2809 545 2870 illiquoque
562 2814 693 2858 corde
712 2822 869 2869 negent
887 2812 1030 2856 Deum
1045 2841 1060 2864 ,
1094 2812 1259 2856 tametfi
1287 2812 1415 2856 multi.
1438 2826 1492 2856 ex
1522 2814 1607 2857 illis
1629 2825 1705 2856 ore
1731 2811 1994 2856 confitentur
2015 2814 2185 2862 Deum,
2214 2811 2277 2858 est

296 2868 395 2922 quia
415 2867 536 2912 Deus
558 2871 600 2914 &
625 2870 852 2923 Praecepta
873 2867 1004 2923 Ipsius
1044 2878 1173 2910 unum
1199 2866 1365 2912 faciunt
1385 2897 1401 2920 ,
1445 2874 1704 2926 quapropter
1724 2866 1872 2910 decem
1891 2868 2112 2923 Praecepta
2134 2867 2277 2911 Decaa

294 2922 386 2978 logi
419 2923 703 2984 voeata‘sunt
726 2923 926 2979 JEHOVAH
965 2934 1024 2964 11³1
1039 2951 1054 2973 ,
1087 2922 1223 2968 Num.
1251 2922 1309 2967 X:
1327 2935 1399 2986 35.
1421 2929 1493 2981 36.
1535 2923 1677 2969 Psalm
1703 2922 1934 2967 CXXXII:
1955 2937 1995 2978 7.
2017 2927 2057 2967 8.
2115 2921 2196 2966 Sed
2225 2932 2276 2966 ut

296 2973 554 3026 manifestius
577 2989 747 3033 pateat,
810 2978 894 3021 uod
918 2975 1034 3022 nulla
1053 2977 1156 3020 fides
1179 2978 1231 3022 fit
1253 2980 1400 3032 malis,
1433 2979 1649 3023 conclusio
1663 2979 1739 3022 fiet
1760 2990 1814 3020 ex
1835 2978 1897 3021 his
1912 2978 2078 3021 duobus
2098 2977 2273 3020 Proble-

296 3032 506 3080 ruatibus,
550 3030 583 3085 1.
610 3031 669 3096 Q
755 2992 888 3097 fletis
907 3031 1021 3077 nulla
1033 3031 1136 3086 fides
1148 3032 1206 3087 fit
1225 3065 1240 3084 ‚
1278 3035 1373 3089 quia
1403 3035 1552 3078 malum
1574 3031 1630 3090 eft,
1657 3034 1849 3088 Inferni,
1889 3034 1940 3082 ἐξ
1955 3032 2057 3090 fides
2084 3031 2138 3087 est
2167 3035 2276 3076 Coeli.

294 3089 350 3133 II.
382 3087 498 3150 Quod
516 3087 690 3128 ommbus
709 3088 792 3150 iliis
810 3100 857 3130 ιη
872 3083 1176 3153 phnstianismo
1197 3090 1308 3132 nulla
1317 3087 1420 3142 fides
1431 3087 1516 3143 fir,
1543 3091 1672 3146 quire
1719 3091 1836 3133 oham
1860 3089 2078 3133 Dominum
2098 3088 2146 3137 &³
2168 3089 2277 3131 Ver·

293 3147 409 3195 bum,
437 3147 558 3185 tumet
574 3153 592 3183 ι
618 3140 818 3200 moraliter
835 3149 1016 3203 vivunt,
1045 3155 1093 3186 ac
1125 3144 1377 3190 rationaliter
1393 3174 1408 3197 ‚
1438 3145 1562 3190 etiam
1585 3145 1632 3191 de
1713 3157 1761 3199 e,
1789 3144 2032 3201 loquuntur,
2067 3145 2202 3187 docent
2227 3139 2278 3188 δ”

284 3199 500 3256 scribunt3
553 3191 680 3239 edde
699 3190 765 3238 lus
782 3192 1030 3252 singulatim.
1086 3231 1117 3244 .‚
1237 3240 1240 3243 Α
1328 3250 1350 3295 1
1375 3252 1386 3261 ³
1485 3242 1488 3244 ,
1634 3245 1643 3252 K
1683 3241 1686 3243 ,
1855 3252 1858 3253 ⁷
2210 3249 2233 3290 8

1367 3264 1386 3296 ¹
2178 3259 2205 3304 3
2237 3258 2279 3304 3·
