2658 3698
380 246 495 323 -484
605 237 1264 301 UNIVERSA
1336 235 2161 302 THEoLomA:

401 376 543 423 omnia
565 374 637 416 illa
656 404 669 425 ,
700 384 792 426 quae
815 366 1023 429 protulisti
1044 379 1102 410 ex>
1122 367 1266 411 Verbo
1282 398 1295 419 ‚
1330 368 1401 413 nifi
1422 368 1582 424 inania,
1601 369 1711 415 estne
1737 371 1928 417 Verbum
1939 371 2068 416 Liber
2088 369 2275 415 omnium
2289 369 2372 414 hae*

404 433 582 482 refium,
616 430 655 470 ὅ(
676 426 732 469 fic
756 424 814 467 cst
834 424 941 467 ficut
972 422 1114 473 Index!
1127 424 1243 466 venti
1265 422 1310 466 su
1367 436 1387 465 r
1412 426 1535 470 testis
1559 429 1603 472 A&
1631 427 1835 480 navibus,
1869 428 1942 484 qui
1967 427 2051 470 huc
2069 427 2172 470 illuc
2192 426 2373 469 circum-

403 496 573 532 rotatur
595 479 823 523 secundum
843 478 991 540 flatum
1009 509 1023 532 ,
1067 477 1125 522 est
1153 478 1266 523 SOLA
1330 492 1664 525 RAEDESTINATIO
1683 513 1698 535 ,
1739 495 1833 538 quae
1865 481 2082 526 concludit
2102 481 2244 526 omnia
2266 481 2376 525 Reli-

439 541 566 590 ionis‚
596 534 654 578 est
686 535 779 578 haec
802 543 991 577 omnium
1008 532 1249 590 >Religionis
1269 534 1571 581 Habitaculum
1596 538 1638 581 ὅ(
1664 537 1919 582 Tentormm
1955 547 2218 590 conventus,
2252 538 2292 582 ὅ(
2312 536 2379 579 Fi-

437 610 480 638 es
498 619 512 646 5
540 603 617 647 per
648 602 773 646 quam
798 589 849 633 fit
870 587 1120 650 Justificatio
1141 590 1183 650 §c
1203 589 1418 643 Salvati0,
1459 589 1517 634 est
1546 591 1604 635 ibi
1639 592 1828 648 Adytum
1860 592 1901 636 ἀ
1927 592 2246 644 ὃαῃᾶυειτίαῐῃς
2276 605 2377 637 num

410 651 469 694 cst
493 648 566 690 ulli
584 644 741 689 homini
770 644 970 701 Liberum
991 643 1225 687 Arbitrium
1246 645 1286 687 in
1307 644 1589 699 spiritualibus
1607 677 1622 699 ,
1653 645 1800 688 suntne
1821 647 1963 691 omnia
1986 645 2132 689 salutis
2158 648 2374 703 gratuita,

405 715 538 762 quare
563 709 811 756 argumenta
828 707 979 741 contra
997 698 1116 750 haee,
1150 698 1267 753 &1fic
1287 711 1435 742 contra
1462 699 1896 753 Praedestinationem,
1927 712 2014 744 non
2038 700 2162 742 aliter
2179 702 2303 745 audio
2331 704 2373 747 &

405 757 600 818 percipio
627 766 752 814 quam
773 755 881 799 ficut
900 754 1044 796 ructus
1063 765 1117 796 ex
1149 764 1324 806 ventre,
1355 755 1397 799 ὅ(
1415 753 1524 797 ficut
1541 755 1844 813 boribogmos;
1875 758 1916 799 δι
1944 754 2043 812 quia
2059 755 2120 798 ita
2144 755 2228 807 est,
2258 758 2375 812 cogi·

407 814 497 859 tavi
527 824 697 857 mecum
710 841 724 864 ‚
757 808 872 866 quod
895 808 1128 864 Templum
1154 809 1226 851 ubi
1243 808 1422 851 docetur
1445 809 1498 851 de
1518 809 1599 853 alia
1621 823 1693 864 re,
1727 811 1768 854 δ(
1786 822 1839 853 ex
1857 811 2023 865 Verbo,
2054 822 2105 853 ac
2117 809 2264 854 Caetus
2277 824 2380 854 con·

409 878 607 928 gregatus
637 876 764 918 tunc,
795 864 846 909 fit
866 874 936 906 tan
971 876 1067 907 uam
1089 863 1364 916 Bestiarium‚
1410 864 1450 908 in
1477 877 1563 920 quo
1591 865 1687 909 sunt
1713 878 1817 909 oves
1852 866 1894 910 ἃ
1927 866 2016 921 lupi
2045 865 2195 918 simul,
2236 863 2305 909 sed
2335 866 2380 909 hi

410 922 624 980 capistrati
674 933 719 964 er
743 921 879 976 Leges
897 918 1066 982 Jutitiae
1089 919 1236 962 civiles
1261 931 1313 962 ne
1341 921 1505 982 irruant
1537 921 1578 964 in
1600 933 1730 975 oves,
1762 933 1837 977 per
1867 933 1973 965 oves
2004 920 2195 977 intelligo
2218 921 2377 976 praede-

407 981 607 1029 stinatos;
638 934 679 1020 g
699 975 812 1033 quod
833 973 1157 1018 Praedlcationes
1178 975 1377 1018 oratoriae
1403 975 1463 1018 1bi
1488 986 1616 1031 tunc,
1650 989 1736 1020 non
1758 977 1836 1021 fint
1855 977 1927 1022 nifi
1948 977 1977 1021 fi
2035 975 2148 1020 ultus
2168 987 2221 1019 ex
2236 979 2380 1033 petito-

410 1049 479 1079 re:
511 1033 582 1076 sed
601 1032 711 1075 dabo
735 1043 874 1074 meam
893 1028 1206 1074 Confeffionem
1219 1043 1360 1086 »,‚qUae
1383 1030 1476 1074 haec
1499 1031 1558 1076 est
1586 1031 1703 1086 „Est
1724 1033 1871 1084 Deus,
1906 1033 1947 1076 ὅσ
1973 1032 2002 1075 il
2020 1044 2045 1074 e
2070 1031 2379 1087 Omnipotens,

405 1093 447 1135 ὅ(
477 1101 559 1133 non
591 1087 649 1131 est
679 1085 789 1129 salus
813 1084 928 1136 aliis,
963 1097 1090 1141 quam
1113 1086 1197 1128 illis
1217 1086 1287 1141 qui
1308 1099 1333 1129 a
1355 1086 1455 1130 Deo
1480 1087 1606 1131 Patre
1636 1087 1755 1132 electi
1787 1087 1830 1131 ὅτ
1888 1086 2134 1133 raedestinati
2161 1085 2255 1131 sunt
2276 1118 2292 1140 ,
2339 1087 2380 1131 &

407 1144 583 1203 quisque
607 1141 710 1185 alius
732 1138 864 1183 adseri
899 1149 966 1183 tus
995 1140 1054 1184 est
1081 1139 1164 1184 suae
1192 1139 1320 1194 sorti,
1353 1141 1435 1184 hoc
1463 1142 1549 1195 est,
1581 1142 1658 1186 suo
1691 1141 1798 1186 fato.
1906 1143 1941 1185 is
1972 1141 2123 1186 auditis
2155 1142 2197 1186 in
2229 1154 2384 1186 excan-

406 1199 619 1249 descentia
656 1196 825 1254 regesti,
882 1196 1051 1250 oqueris
1070 1195 1272 1248 nefanda,
1302 1195 1369 1239 abi
1389 1198 1500 1241 male
1520 1197 1717 1253 spiritus3
1760 1196 1891 1241 scisne
1911 1198 2009 1254 quia
2038 1197 2080 1241 in
2100 1197 2268 1243 Mundo
2295 1195 2379 1253 spi·
2394 1230 2434 1259 ,Α

407 1254 547 1300 rituali
577 1266 647 1305 eS,
680 1251 795 1309 quod
818 1249 867 1294 iit
893 1250 1057 1295 Caelum
1090 1252 1132 1295 ὅ(
1155 1251 1267 1307 quod
1285 1252 1336 1296 fit
1358 1249 1572 1296 Infernum
1587 1281 1607 1306 ,
1635 1254 1675 1296 &
1699 1253 1813 1309 quod
1832 1252 2144 1300 Praedestinatio
2161 1252 2379 1304 involvat,

405 1310 521 1368 quod
546 1307 675 1370 aliqui
699 1305 896 1360 adscripti
915 1306 994 1350 sint
1018 1307 1164 1359 Caelo,
1197 1306 1238 1349 δε
1265 1306 1393 1363 aliqui
1420 1304 1592 1350 Inferno
1610 1337 1626 1358 ,
1667 1321 1769 1350 num
1791 1307 1853 1350 *fic
1885 1307 2006 1350 aliam
2036 1306 2172 1350 ideam
2200 1306 2253 1349 de
2280 1306 2384 1351 Deo

405 1365 567 1423 poteris
597 1363 671 1406 tibi
700 1360 885 1404 formare
899 1391 913 1413 ,
947 1373 1071 1416 quam
1089 1360 1198 1404 ficut
1217 1360 1269 1402 de
1287 1362 1521 1414 Tyranno,
1553 1361 1624 1417 qui
1646 1361 1837 1403 Clientes
1856 1360 1897 1403 in
1917 1360 2077 1406 Urbem
2095 1360 2282 1405 admittit
2299 1391 2314 1414 ,
2336 1363 2380 1407 &

405 1422 592 1476 reliquos
615 1417 731 1471 ejicit
751 1418 793 1459 in
813 1415 1135 1465 Carnificinam3
1167 1426 1296 1468 quare
1294 1414 1473 1511 Fpudeat
1503 1422 1558 1459 te.
1617 1414 1765 1458 Postea
1789 1415 1963 1473 praelegi
1981 1428 2128 1461 coram
2151 1415 2257 1469 illo,
2288 1428 2384 1472 quae

406 1480 448 1520 in
468 1475 599 1521 Libro
621 1470 974 1527 Evangelicorum
992 1469 1237 1525 dogmatico
1245 1499 1261 1521 ,
1329 1478 1507 1513 oRMULA
1538 1469 1835 1523 Concoamffi,
1860 1471 2099 1527 appellato,
2129 1471 2182 1517 de
2201 1482 2379 1514 erronea

413 1531 624 1577 DoEtrina
655 1528 1042 1576 CALVINJsTARUM,
1074 1523 1124 1565 de
1150 1522 1293 1566 Cultu·
1312 1524 1514 1576 Domini,
1531 1525 1572 1569 &
1594 1526 1647 1568 de
1668 1526 2059 1581 praedestinatione,
2091 1524 2379 1582 scriptasunt:

404 1590 455 1631 cle
486 1586 637 1629 CULTU
666 1583 866 1630 Donum,
901 1579 994 1621 haec
1022 1609 1058 1632 „
1077 1578 1195 1638 Quod
1219 1581 1457 1624 damnabilis
1480 1579 1712 1625 Idololatria
1727 1580 1809 1636 fit,
1830 1581 1874 1635 fi
1886 1580 2045 1637 fiducia
2068 1582 2117 1630 &³
2132 1580 2237 1638 fides
2255 1583 2384 1625 cordis

401 1645 449 1686 in
473 1635 673 1694 Christum
694 1633 1134 1690 nonsolumsecundum
1155 1632 1379 1688 Divinam,
1397 1635 1475 1690 sed
1501 1636 1624 1679 etiam
1634 1637 1857 1692 sperandum
1885 1637 2118 1682 Humanam
2139 1635 2266 1692 Ipsius
2290 1637 2386 1681 Na·

407 1707 540 1740 turam
562 1692 792 1741 collocetur,
821 1688 870 1737 ὅ)
892 1689 1010 1732 honor
1041 1689 1283 1732 adorationis
1316 1692 1369 1732 ad
1393 1698 1601 1755 utramque
1637 1693 1841 1748 dirigatur
1859 1723 1910 1746 „.
1966 1693 2027 1737 Et
2059 1693 2112 1735 de
2134 1693 2385 1739 PRAEnEs'nf

327 1770 330 1773 ·
402 1759 596 1793 NATIONE
610 1776 625 1798 ,
659 1745 754 1788 haec
776 1773 807 1795 ,‚
844 1740 1044 1799 Christum
1064 1756 1140 1787 non
1188 1757 1230 1786 ro
1252 1746 1426 1788 omnibus
1446 1744 1692 1799 homnibus,
1711 1747 1786 1802 sed
1799 1756 1872 1802 pro
1881 1749 1983 1804 filis
2003 1748 2156 1792 Ezeais
2183 1756 2383 1789 mortuum

404 1803 488 1860 effe.
546 1802 677 1846 Deum
699 1797 933 1856 potiffimam
959 1806 1115 1854 partem
1160 1800 1345 1843 zominum
1375 1801 1426 1842 ad
1463 1801 1755 1844 damnationem
1789 1810 1976 1846 aternam
1999 1801 2139 1857 creaffe
2155 1833 2171 1856 ,
2203 1799 2254 1848 ὅ)
2278 1801 2380 1843 nolle

403 1868 449 1903 ut
470 1856 661 1914 potzffima
679 1865 785 1912 -pars
805 1861 1063 1896 convertatur
1082 1851 1133 1901 ὅ)
1147 1855 1281 1897 vivat.
1336 1852 1493 1899 Eleblos
1511 1855 1561 1903 δ’
1577 1856 1794 1913 Regem'tos
1813 1870 1890 1900 non
1907 1866 1955 1912 po
1985 1871 2006 1900 e
2025 1856 2147 1912 fidem
2179 1856 2231 1904 ὅ).
2251 1855 2383 1910 Spiri-

405 1911 689 1968 zumsanflum
706 1910 916 1962 amittere,
945 1909 1130 1964 quamvis
1159 1910 1283 1951 omnis
1300 1911 1459 1966 generis
1473 1912 1650 1966 grandia
1665 1919 1834 1965 peccata
1859 1912 1910 1959 &2
1956 1910 2102 1967 lagiiia
2123 1912 2384 1954 committant.

404 1970 489 2012 Eos
506 1979 623 2019 vero,
654 1967 723 2021 qui
744 1962 873 2023 Elesti
893 1976 969 2006 non
981 1962 1083 2018 sunt
1097 1994 1111 2015 ‚
1143 1962 1349 2018 neceffario
1366 1965 1573 2017 damnari,
1603 1968 1673 2008 nec
1687 1964 1787 2020 pqffe
1798 1967 2008 2021 pervenire
2027 1964 2288 2020 adsalutem,
2312 1968 2386 2007 eti-

405 2020 503 2076 amfi
534 2022 677 2064 millio-s
708 2020 1029 2074 baptizarentur,
1061 2018 1112 2065 ὅ)
1137 2020 1308 2075 quotidie
1339 2021 1391 2063 ad
1420 2015 1720 2075 Eucharistiam
1751 2022 2004 2074 accederent,
2028 2028 2222 2078 praterea
2251 2021 2384 2063 vitam

408 2086 492 2120 tam
501 2074 641 2131 sanae
676 2085 793 2130 atque
824 2073 1024 2127 inculpate
1058 2074 1242 2117 ducerent
1262 2104 1275 2126 ,
1317 2082 1510 2131 quantum
1535 2087 1710 2132 unquam
1733 2072 1831 2129 fieri
1846 2073 1977 2137 potest
1998 2107 2032 2131 ‚,
2062 2088 2104 2132 p.
2137 2077 2236 2131 837.
2269 2075 2384 2130 838,

407 2130 619 2174 Editionis
638 2125 836 2183 Lipfiens:
867 2128 991 2171 Anno
1020 2131 1144 2182 1756.
1189 2127 1288 2185 Post
1312 2129 1663 2183 praelectionem,
1683 2129 1865 2185 quaefivr
1882 2130 2028 2183 illum,
2061 2141 2162 2173 num
2189 2129 2262 2172 illa
2283 2141 2376 2184 quaa

407 2187 451 2228 in
471 2185 605 2229 Libro
627 2184 705 2227 isto
733 2181 888 2237 scripta
921 2180 1040 2234 sunt,
1072 2181 1150 2225 fint
1172 2195 1226 2224 ex
1249 2182 1374 2238 ipfius
1397 2184 1630 2236 Doctrina,
1661 2183 1732 2226 vel
1763 2196 1871 2237 non,
1912 2185 1954 2229 &
1994 2185 2233 2241 respondit,
2266 2184 2379 2239 quod

411 2254 466 2285 ex
493 2239 589 2294 sua,
620 2238 690 2282 sed
722 2238 836 2294 q⁴uod
859 2249 950 2299 non.
974 2236 1292 2299 reminiscatur,
1324 2252 1423 2283 num
1454 2241 1467 2280 i
1503 2238 1547 2283 sa
1577 2238 1648 2282 illa
1671 2238 1802 2282 verba
1823 2247 1892 2282 ex*
1912 2239 1990 2283 suo
2021 2240 2188 2283 calamo
2211 2239 2377 2282 tametsi

407 2309 462 2340 ex
489 2294 566 2339 suo
588 2306 692 2347 ore,
754 2292 1016 2338 rofluxermt.
1072 2292 1154 2336 H1s
1179 2293 1334 2337 auditis
1354 2307 1453 2337 rece
1488 2304 1622 2338 erunt(
1635 2294 1689 2337 ab
1711 2295 1789 2338 illo
1809 2306 1955 2339 omnes
1974 2293 2084 2339 servi
2101 2294 2277 2339 Domini
2292 2323 2307 2346 ,
2336 2295 2377 2338 ὃς

409 2352 483 2395 ille
507 2361 686 2406 propere
725 2361 748 2391 e
767 2347 953 2391 contulit
973 2348 1013 2391 in
1041 2348 1152 2392 viam
1176 2349 1416 2394 tendentem
1443 2350 1499 2393 ad·
1515 2348 1786 2406 speluncam,
1819 2350 1892 2393 ubi
1919 2349 2142 2405 sunt‚'qui
2166 2347 2377 2393 Pnaedesti-

408 2407 590 2450 nationis
609 2404 849 2448 execrabile
869 2402 1044 2458 Dogma
1076 2403 1187 2458 apud
1217 2403 1261 2447 se
1291 2406 1663 2450 confirmaverunt.
1682 2434 1698 2440 .1
1721 2405 1832 2449 Cum
1856 2403 2102 2460 quibusdam
2122 2416 2176 2448 ex
2194 2404 2381 2447 incarce-

408 2463 513 2503 ratis
540 2462 582 2503 in
611 2459 824 2514 Spelunca
845 2456 917 2499 illa
944 2458 1085 2519 postea
1116 2458 1321 2514 loquutus
1350 2458 1470 2511 sum,
1508 2461 1549 2503 &
1583 2459 1756 2513 quaeiivi
1786 2457 1944 2503 sortem
1967 2459 2138 2503 illorum
2156 2490 2171 2511 ,
2204 2460 2245 2503 ἀ
2264 2459 2381 2501 dixe-

413 2524 548 2566 runt,
568 2514 681 2570 quod
713 2515 791 2556 fint
819 2510 953 2552 adam
986 2512 1176 2554 laborare
1207 2525 1289 2567 pro
1318 2513 1597 2568 terxvic'tum,
1630 2513 1671 2556 &
1696 2516 1699 2521 ‘
1733 2514 1817 2556 uod
1846 2525 1993 2557 omnes
2017 2514 2127 2556 inter
2154 2512 2199 2555 se
2221 2511 2378 2557 inimici

413 2570 518 2622 fint,
550 2570 591 2613 ὅ(
630 2567 747 2623 quod
785 2563 960 2622 quisque
1000 2577 1163 2620 quaerat
1187 2579 1265 2608 cau
1288 2579 1353 2609 am
1381 2567 1538 2610 malum
1563 2565 1703 2618 sacien
1734 2568 1745 2609 i
1775 2569 1922 2620 alteri,
1955 2569 1995 2612 δι
2016 2568 2128 2626 quod
2157 2569 2285 2612 etiam
2317 2566 2381 2619 far-

407 2625 550 2676 ciant,
580 2621 879 2677 dumaliquam
902 2621 1040 2662 levem
1063 2619 1401 2674 deprehendunt,
1434 2623 1475 2666 ὅ(
1503 2622 1614 2677 quod
1635 2622 1719 2664 hoc
1744 2621 1795 2665 fit
1815 2623 2171 2677 iucundum'vitae
2191 2623 2375 2666 illorum.

411 2681 625 2775 Praeterea
649 2678 700 2721 de
733 2674 1099 2774 lfraedestinatione
1127 2675 1168 2718 &
1197 2676 1570 2721 Praedestinatianis
1609 2676 1828 2721 videantur
1863 2691 1959 2734 quae
1990 2676 2116 2733 supra
2137 2690 2177 2721 n:
2206 2681 2294 2733 485
2327 2677 2378 2721 ad

444 2738 497 2779 88
579 2734 640 2776 cri
674 2743 718 2776 ta
759 2742 846 2773 unt.
1832 2742 1845 2752 ⁴
1991 2765 1993 2767 ,

409 2748 439 2789 4
469 2763 566 2845 7539.
600 2745 711 2833 Cgm
737 2786 925 2841 pluribus
947 2784 1039 2828 aliis
1060 2793 1146 2828 tam
1175 2786 1461 2830 sectatoribus
1487 2787 1642 2832 Trium
1667 2787 1867 2840 illorum,
1909 2799 2032 2843 quam
2060 2800 2160 2832 cum
2198 2788 2382 2832 Haereti-

410 2844 476 2887 cis·
494 2845 696 2898 loquutus
714 2841 835 2892 sum,
863 2843 905 2886 δε
922 2840 974 2883 de
995 2840 1194 2884 omnibus
1212 2842 1466 2884 concludere
1485 2842 1585 2886 mihi
1604 2843 1750 2886 datum
1781 2843 1863 2894 est,
1906 2843 2018 2898 quod
2056 2846 2292 2900 quicunque
2326 2855 2381 2885 ex

404 2899 487 2942 illis
519 2898 752 2943 Chai-itatis
784 2896 919 2940 vitam
949 2904 1149 2958 egerunt,
1192 2896 1232 2939 δι
1264 2896 1359 2951 plus
1387 2898 1457 2954 qui
1477 2907 1726 2941 amaverunt
1751 2898 1910 2941 Verum
1931 2899 2028 2952 quia
2047 2899 2105 2942 est
2124 2901 2306 2952 Verum,
2339 2898 2381 2941 in

407 2953 573 2997 Mundo
607 2951 812 3008 spirituali
842 2949 885 2993 se
907 2959 1122 3005 patlantur
1158 2949 1327 3003 instrui,
1361 2954 1401 2997 ὅ(
1436 2960 1663 3014 acceptent
1688 2951 1831 2995 Novae
1854 2952 2058 3007 Ecclefiae
2090 2953 2377 2998 DoCtrinalia:

405 3017 450 3050 at
474 3020 577 3050 vero
599 3009 657 3050 illi
682 3007 753 3063 qui
778 3005 820 3049 se
840 3006 1198 3050 confirmaverunt
1223 3006 1263 3048 in
1286 3005 1401 3051 falfis
1429 3006 1666 3063 religionis,
1700 3007 1740 3049 δε
1763 3019 1934 3063 quoque
1956 3008 2016 3050 illi
2038 3009 2109 3064 qui
2137 3011 2292 3055 malam
2319 3008 2380 3051 vi-

401 3071 494 3106 tam
529 3071 731 3117 egerunt,
763 3073 847 3103 non
879 3061 1093 3116 patiantur
1127 3057 1169 3102 se
1195 3060 1365 3114 instrui,
1405 3063 1446 3106 &
1477 3059 1591 3117 quod
1627 3061 1668 3103 hi
1697 3062 1964 3117 pedetentim
1991 3061 2034 3105 se
2069 3073 2324 3108 removeant
2349 3074 2378 3103 e

398 3116 534 3161 Novo
564 3116 715 3167 Caelo,
749 3116 790 3159 &
820 3115 862 3158 se
889 3114 1133 3159 consocient
1170 3127 1268 3159 cum
1301 3115 1531 3167 similibus,
1578 3117 1711 3171 quiin
1742 3114 1915 3160 Inferno
1943 3116 2067 3171 sunt,
2110 3120 2181 3162 ubi
2215 3119 2307 3175 plus
2337 3115 2379 3160 δε

397 3172 497 3228 plus
523 3181 675 3219 contra
691 3169 881 3227 ‘Cultum
897 3170 1076 3217 Domini
1095 3170 1138 3214 se
1159 3170 1415 3216 confirmant
1431 3171 1478 3218 ‘&
1499 3171 1732 3225 obstinant,
1763 3172 1805 3217 &
1827 3170 1958 3229 usque
1976 3185 2051 3227 eo,
2082 3184 2130 3219 ut
2155 3187 2237 3220 non
2265 3171 2378 3215 susti-

2259 3235 2387 3273 neam.
