<?xml version="1.0" encoding="UTF-8"?>
<!DOCTYPE html PUBLIC "-//W3C//DTD XHTML 1.0 Transitional//EN"
    "http://www.w3.org/TR/xhtml1/DTD/xhtml1-transitional.dtd">
<html xmlns="http://www.w3.org/1999/xhtml" xml:lang="en" lang="en">
 <head>
  <title>
</title>
<meta http-equiv="Content-Type" content="text/html;charset=utf-8" />
  <meta name='ocr-system' content='tesseract 3.04.00' />
  <meta name='ocr-capabilities' content='ocr_page ocr_carea ocr_par ocr_line ocrx_word'/>
</head>
<body>
  <div class='ocr_page' id='page_1' title='image "./verachristianare00sweduoft_0284.png"; bbox 0 0 2658 3698; ppageno 0'>
   <div class='ocr_carea' id='block_1_1' title="bbox 350 188 2105 288">
    <p class='ocr_par' dir='ltr' id='par_1_1' title="bbox 350 188 2105 288">
     <span class='ocr_line' id='line_1_1' title="bbox 350 188 2105 288; baseline -0.001 -15"><span class='ocrx_word' id='word_1_1' title='bbox 350 219 461 274; x_wconf 78' lang='lat'>280</span> <span class='ocrx_word' id='word_1_2' title='bbox 573 196 1231 271; x_wconf 72' lang='lat' dir='ltr'>U&#39;NivssRSA</span> <span class='ocrx_word' id='word_1_3' title='bbox 1303 188 2105 288; x_wconf 64' lang='lat' dir='ltr'>TH-EoLoGiA</span> 
     </span>
    </p>
   </div>
   <div class='ocr_carea' id='block_1_2' title="bbox 357 333 2354 1166">
    <p class='ocr_par' dir='ltr' id='par_1_2' title="bbox 357 333 2354 1166">
     <span class='ocr_line' id='line_1_2' title="bbox 359 333 2334 396; baseline -0.003 -5"><span class='ocrx_word' id='word_1_4' title='bbox 359 347 402 391; x_wconf 84' lang='lat'>&amp;</span> <span class='ocrx_word' id='word_1_5' title='bbox 434 342 553 389; x_wconf 79' lang='lat' dir='ltr'>simul</span> <span class='ocrx_word' id='word_1_6' title='bbox 580 338 943 385; x_wconf 82' lang='lat' dir='ltr'>confabulationes</span> <span class='ocrx_word' id='word_1_7' title='bbox 971 336 1025 386; x_wconf 82' lang='lat' dir='ltr'>de</span> <span class='ocrx_word' id='word_1_8' title='bbox 1051 335 1174 381; x_wconf 87' lang='lat' dir='ltr'>rebus</span> <span class='ocrx_word' id='word_1_9' title='bbox 1197 338 1349 392; x_wconf 80' lang='lat' dir='ltr'>variis;</span> <span class='ocrx_word' id='word_1_10' title='bbox 1381 339 1421 383; x_wconf 92' lang='lat'>&amp;</span> <span class='ocrx_word' id='word_1_11' title='bbox 1442 339 1540 395; x_wconf 87' lang='lat' dir='ltr'>quia</span> <span class='ocrx_word' id='word_1_12' title='bbox 1565 352 1616 382; x_wconf 82' lang='lat' dir='ltr'>ex</span> <span class='ocrx_word' id='word_1_13' title='bbox 1644 333 1792 384; x_wconf 86' lang='lat' dir='ltr'>ar&#39;nore</span> <span class='ocrx_word' id='word_1_14' title='bbox 1817 339 2024 396; x_wconf 77' lang='lat' dir='ltr'>spirituali</span> <span class='ocrx_word' id='word_1_15' title='bbox 2061 351 2108 384; x_wconf 91' lang='lat' dir='ltr'>ut</span> <span class='ocrx_word' id='word_1_16' title='bbox 2129 353 2182 386; x_wconf 81' lang='lat' dir='ltr'>ex</span> <span class='ocrx_word' id='word_1_17' title='bbox 2213 340 2334 386; x_wconf 84' lang='lat' dir='ltr'>fonte</span> 
     </span>
     <span class='ocr_line' id='line_1_3' title="bbox 362 387 2335 451; baseline -0.001 -9"><span class='ocrx_word' id='word_1_18' title='bbox 362 398 575 451; x_wconf 79' lang='lat' dir='ltr'>fluebant,</span> <span class='ocrx_word' id='word_1_19' title='bbox 607 404 725 439; x_wconf 86' lang='lat' dir='ltr'>erant</span> <span class='ocrx_word' id='word_1_20' title='bbox 747 391 972 434; x_wconf 82' lang='lat' dir='ltr'>rationales</span> <span class='ocrx_word' id='word_1_21' title='bbox 997 393 1037 437; x_wconf 89' lang='lat'>&amp;</span> <span class='ocrx_word' id='word_1_22' title='bbox 1062 387 1243 449; x_wconf 82' lang='lat' dir='ltr'>morales</span> <span class='ocrx_word' id='word_1_23' title='bbox 1268 406 1322 437; x_wconf 84' lang='lat' dir='ltr'>ex</span> <span class='ocrx_word' id='word_1_24' title='bbox 1343 392 1504 449; x_wconf 85' lang='lat' dir='ltr'>origine</span> <span class='ocrx_word' id='word_1_25' title='bbox 1526 394 1750 450; x_wconf 65' lang='lat' dir='ltr'>spirituali&#39;</span> <span class='ocrx_word' id='word_1_26' title='bbox 1779 395 1949 439; x_wconf 83' lang='lat' dir='ltr'>Dantur</span> <span class='ocrx_word' id='word_1_27' title='bbox 1970 396 2091 439; x_wconf 89' lang='lat' dir='ltr'>hodie</span> <span class='ocrx_word' id='word_1_28' title='bbox 2107 395 2335 442; x_wconf 84' lang='lat' dir='ltr'>Consortia</span> 
     </span>
     <span class='ocr_line' id='line_1_4' title="bbox 362 445 2333 508; baseline -0.001 -11"><span class='ocrx_word' id='word_1_29' title='bbox 362 454 584 503; x_wconf 85' lang='lat' dir='ltr'>amicitiae,</span> <span class='ocrx_word' id='word_1_30' title='bbox 618 462 712 506; x_wconf 84' lang='lat' dir='ltr'>quae</span> <span class='ocrx_word' id='word_1_31' title='bbox 732 458 812 502; x_wconf 89' lang='lat' dir='ltr'>pro</span> <span class='ocrx_word' id='word_1_32' title='bbox 830 446 912 490; x_wconf 86' lang='lat' dir='ltr'>fine</span> <span class='ocrx_word' id='word_1_33' title='bbox 931 445 1120 503; x_wconf 68' lang='lat' dir='ltr'>spe-etant</span> <span class='ocrx_word' id='word_1_34' title='bbox 1139 447 1323 502; x_wconf 85' lang='lat' dir='ltr'>jucunda</span> <span class='ocrx_word' id='word_1_35' title='bbox 1354 448 1713 503; x_wconf 85' lang='lat' dir='ltr'>conversationis,</span> <span class='ocrx_word' id='word_1_36' title='bbox 1741 450 2067 496; x_wconf 88' lang='lat' dir='ltr'>exhilarationes</span> <span class='ocrx_word' id='word_1_37' title='bbox 2087 453 2236 496; x_wconf 86' lang='lat' dir='ltr'>inentis</span> <span class='ocrx_word' id='word_1_38' title='bbox 2256 465 2333 508; x_wconf 87' lang='lat' dir='ltr'>per</span> 
     </span>
     <span class='ocr_line' id='line_1_5' title="bbox 358 501 2330 564; baseline -0.002 -10"><span class='ocrx_word' id='word_1_39' title='bbox 358 507 577 563; x_wconf 84' lang='lat' dir='ltr'>colloquia</span> <span class='ocrx_word' id='word_1_40' title='bbox 590 535 604 556; x_wconf 95' lang='lat'>,</span> <span class='ocrx_word' id='word_1_41' title='bbox 634 506 678 564; x_wconf 73' lang='lat'>.&amp;</span> <span class='ocrx_word' id='word_1_42' title='bbox 698 501 792 544; x_wconf 90' lang='lat' dir='ltr'>inde</span> <span class='ocrx_word' id='word_1_43' title='bbox 811 512 891 557; x_wconf 90' lang='lat' dir='ltr'>pro</span> <span class='ocrx_word' id='word_1_44' title='bbox 911 503 1159 558; x_wconf 81' lang='lat' dir='ltr'>expansione</span> <span class='ocrx_word' id='word_1_45' title='bbox 1175 505 1322 556; x_wconf 87' lang='lat' dir='ltr'>animi,</span> <span class='ocrx_word' id='word_1_46' title='bbox 1345 505 1384 548; x_wconf 72' lang='grc' dir='ltr'>δε</span> <span class='ocrx_word' id='word_1_47' title='bbox 1405 505 1718 553; x_wconf 88' lang='lat' dir='ltr'>manumiffione</span> <span class='ocrx_word' id='word_1_48' title='bbox 1735 506 2041 562; x_wconf 86' lang='lat' dir='ltr'>cogitationum</span> <span class='ocrx_word' id='word_1_49' title='bbox 2061 506 2330 561; x_wconf 88' lang='lat' dir='ltr'>inclusarum,</span> 
     </span>
     <span class='ocr_line' id='line_1_6' title="bbox 362 555 2341 618; baseline 0.004 -18"><span class='ocrx_word' id='word_1_50' title='bbox 362 568 403 610; x_wconf 64' lang='grc' dir='ltr'>ἃ</span> <span class='ocrx_word' id='word_1_51' title='bbox 421 565 482 612; x_wconf 43' lang='grc' dir='ltr'>,ἧς</span> <span class='ocrx_word' id='word_1_52' title='bbox 508 557 822 614; x_wconf 81' lang='lat' dir='ltr'>refocillatione</span> <span class='ocrx_word' id='word_1_53' title='bbox 856 555 1104 612; x_wconf 77' lang='lat' dir='ltr'>sensualium</span> <span class='ocrx_word' id='word_1_54' title='bbox 1131 560 1325 614; x_wconf 85' lang='lat' dir='ltr'>corporis</span> <span class='ocrx_word' id='word_1_55' title='bbox 1348 589 1362 611; x_wconf 91' lang='lat'>,</span> <span class='ocrx_word' id='word_1_56' title='bbox 1395 559 1437 603; x_wconf 75' lang='grc' dir='ltr'>δε</span> <span class='ocrx_word' id='word_1_57' title='bbox 1465 559 1594 602; x_wconf 91' lang='lat' dir='ltr'>status</span> <span class='ocrx_word' id='word_1_58' title='bbox 1621 572 1768 603; x_wconf 88' lang='lat' dir='ltr'>eorum</span> <span class='ocrx_word' id='word_1_59' title='bbox 1793 564 1880 603; x_wconf 89' lang='lat' dir='ltr'>inte</span> <span class='ocrx_word' id='word_1_60' title='bbox 1900 562 2082 618; x_wconf 71' lang='lat' dir='ltr'>ratione.</span> <span class='ocrx_word' id='word_1_61' title='bbox 2137 562 2216 606; x_wconf 89' lang='lat' dir='ltr'>Sed</span> <span class='ocrx_word' id='word_1_62' title='bbox 2237 575 2341 607; x_wconf 91' lang='lat' dir='ltr'>non-</span> 
     </span>
     <span class='ocr_line' id='line_1_7' title="bbox 358 574 2330 671; baseline -0.001 -9"><span class='ocrx_word' id='word_1_63' title='bbox 358 620 458 662; x_wconf 87' lang='lat' dir='ltr'>duin</span> <span class='ocrx_word' id='word_1_64' title='bbox 486 616 637 657; x_wconf 86' lang='lat' dir='ltr'>dantur</span> <span class='ocrx_word' id='word_1_65' title='bbox 664 610 890 668; x_wconf 75' lang='lat' dir='ltr'>Consortia</span> <span class='ocrx_word' id='word_1_66' title='bbox 924 611 1167 666; x_wconf 88' lang='lat' dir='ltr'>charitatis,</span> <span class='ocrx_word' id='word_1_67' title='bbox 1199 626 1294 664; x_wconf 87' lang='lat' dir='ltr'>nam</span> <span class='ocrx_word' id='word_1_68' title='bbox 1315 613 1419 656; x_wconf 83' lang='lat' dir='ltr'>dicit</span> <span class='ocrx_word' id='word_1_69' title='bbox 1439 613 1673 666; x_wconf 87' lang='lat' dir='ltr'>Dominus,</span> <span class='ocrx_word' id='word_1_70' title='bbox 1705 614 1752 663; x_wconf 82' lang='lat' dir='ltr'>In</span> <span class='ocrx_word' id='word_1_71' title='bbox 1767 574 2139 669; x_wconf 50' lang='lat' dir='ltr'>Con-sffimmati&#39;me</span> <span class='ocrx_word' id='word_1_72' title='bbox 2162 615 2330 671; x_wconf 86' lang='lat' dir='ltr'>saeculi,</span> 
     </span>
     <span class='ocr_line' id='line_1_8' title="bbox 358 666 2335 726; baseline -0.002 -9"><span class='ocrx_word' id='word_1_73' title='bbox 358 674 440 717; x_wconf 88' lang='lat' dir='ltr'>hoc</span> <span class='ocrx_word' id='word_1_74' title='bbox 460 669 545 721; x_wconf 85' lang='lat' dir='ltr'>cst,</span> <span class='ocrx_word' id='word_1_75' title='bbox 579 668 620 711; x_wconf 90' lang='lat' dir='ltr'>in</span> <span class='ocrx_word' id='word_1_76' title='bbox 644 668 729 713; x_wconf 86' lang='lat' dir='ltr'>fine</span> <span class='ocrx_word' id='word_1_77' title='bbox 747 666 973 725; x_wconf 68' lang='lat' dir='ltr'>Ecclesiae,</span> <span class='ocrx_word' id='word_1_78' title='bbox 1004 669 1336 722; x_wconf 76' lang='lat' dir='ltr'>multiplicabitur</span> <span class='ocrx_word' id='word_1_79' title='bbox 1361 670 1558 724; x_wconf 81' lang='lat' dir='ltr'>iniquitas</span> <span class='ocrx_word' id='word_1_80' title='bbox 1579 699 1592 720; x_wconf 91' lang='lat'>,</span> <span class='ocrx_word' id='word_1_81' title='bbox 1634 669 1890 726; x_wconf 74' lang='lat' dir='ltr'>&amp;frigescet</span> <span class='ocrx_word' id='word_1_82' title='bbox 1921 669 2150 722; x_wconf 53' lang='lat' dir='ltr'>Charitas,</span> <span class='ocrx_word' id='word_1_83' title='bbox 2168 667 2335 726; x_wconf 8' lang='lat' dir='ltr'>*Matth</span> 
     </span>
     <span class='ocr_line' id='line_1_9' title="bbox 361 717 2331 777; baseline -0.002 -5"><span class='ocrx_word' id='word_1_84' title='bbox 361 717 527 772; x_wconf 81' lang='lat' dir='ltr'>XXIV:</span> <span class='ocrx_word' id='word_1_85' title='bbox 553 735 630 774; x_wconf 82' lang='lat'>123</span> <span class='ocrx_word' id='word_1_86' title='bbox 662 721 789 765; x_wconf 85' lang='lat' dir='ltr'>causa</span> <span class='ocrx_word' id='word_1_87' title='bbox 808 722 889 774; x_wconf 87' lang='lat' dir='ltr'>est,</span> <span class='ocrx_word' id='word_1_88' title='bbox 923 722 1019 777; x_wconf 89' lang='lat' dir='ltr'>quia</span> <span class='ocrx_word' id='word_1_89' title='bbox 1040 721 1234 767; x_wconf 75' lang='lat' dir='ltr'>Ecclesia</span> <span class='ocrx_word' id='word_1_90' title='bbox 1256 721 1443 765; x_wconf 88' lang='lat' dir='ltr'>nondum</span> <span class='ocrx_word' id='word_1_91' title='bbox 1464 727 1696 777; x_wconf 77' lang='lat' dir='ltr'>agnoverat</span> <span class='ocrx_word' id='word_1_92' title='bbox 1719 722 1956 766; x_wconf 89' lang='lat' dir='ltr'>Dominum</span> <span class='ocrx_word' id='word_1_93' title='bbox 1977 721 2331 774; x_wconf 69' lang='lat' dir='ltr'>Deumsalva&#39;to·</span> 
     </span>
     <span class='ocr_line' id='line_1_10' title="bbox 357 769 2337 841; baseline -0.001 -16"><span class='ocrx_word' id='word_1_94' title='bbox 357 795 446 826; x_wconf 82' lang='lat' dir='ltr'>rein</span> <span class='ocrx_word' id='word_1_95' title='bbox 464 792 546 836; x_wconf 91' lang='lat' dir='ltr'>pro</span> <span class='ocrx_word' id='word_1_96' title='bbox 570 778 669 823; x_wconf 86' lang='lat' dir='ltr'>Deo</span> <span class='ocrx_word' id='word_1_97' title='bbox 695 776 802 821; x_wconf 88' lang='lat' dir='ltr'>Caeli</span> <span class='ocrx_word' id='word_1_98' title='bbox 823 778 864 821; x_wconf 89' lang='lat'>&amp;</span> <span class='ocrx_word' id='word_1_99' title='bbox 882 777 1032 820; x_wconf 77' lang='lat' dir='ltr'>Terrae</span> <span class='ocrx_word' id='word_1_100' title='bbox 1044 807 1060 829; x_wconf 91' lang='lat'>‚</span> <span class='ocrx_word' id='word_1_101' title='bbox 1094 775 1174 833; x_wconf 62' lang='lat'>&amp;31</span> <span class='ocrx_word' id='word_1_102' title='bbox 1209 774 1297 820; x_wconf 91' lang='lat' dir='ltr'>sum</span> <span class='ocrx_word' id='word_1_103' title='bbox 1319 769 1560 821; x_wconf 71' lang='lat' dir='ltr'>immediate</span> <span class='ocrx_word' id='word_1_104' title='bbox 1579 777 1799 820; x_wconf 87' lang='lat' dir='ltr'>adiverunt</span> <span class='ocrx_word' id='word_1_105' title='bbox 1813 808 1827 829; x_wconf 89' lang='lat'>,</span> <span class='ocrx_word' id='word_1_106' title='bbox 1861 790 1886 821; x_wconf 87' lang='lat' dir='ltr'>a</span> <span class='ocrx_word' id='word_1_107' title='bbox 1903 776 2007 841; x_wconf 83' lang='lat' dir='ltr'>Quo</span> <span class='ocrx_word' id='word_1_108' title='bbox 2018 776 2148 829; x_wconf 78' lang='lat' dir='ltr'>unice</span> <span class='ocrx_word' id='word_1_109' title='bbox 2160 778 2337 835; x_wconf 84' lang='lat' dir='ltr'>genuina</span> 
     </span>
     <span class='ocr_line' id='line_1_11' title="bbox 361 830 2335 890; baseline -0.001 -10"><span class='ocrx_word' id='word_1_110' title='bbox 361 835 558 880; x_wconf 83' lang='lat' dir='ltr'>Chai-itas</span> <span class='ocrx_word' id='word_1_111' title='bbox 574 832 770 890; x_wconf 85' lang='lat' dir='ltr'>procedit</span> <span class='ocrx_word' id='word_1_112' title='bbox 795 833 834 876; x_wconf 75' lang='grc' dir='ltr'>δι</span> <span class='ocrx_word' id='word_1_113' title='bbox 854 830 1005 874; x_wconf 89' lang='lat' dir='ltr'>influit.</span> <span class='ocrx_word' id='word_1_114' title='bbox 1045 832 1160 876; x_wconf 85' lang='lat' dir='ltr'>Con</span> <span class='ocrx_word' id='word_1_115' title='bbox 1180 833 1290 874; x_wconf 89' lang='lat' dir='ltr'>ortia</span> <span class='ocrx_word' id='word_1_116' title='bbox 1311 840 1453 875; x_wconf 88' lang='lat' dir='ltr'>autem</span> <span class='ocrx_word' id='word_1_117' title='bbox 1468 861 1482 883; x_wconf 89' lang='lat'>‚</span> <span class='ocrx_word' id='word_1_118' title='bbox 1517 830 1588 889; x_wconf 87' lang='lat' dir='ltr'>ubi</span> <span class='ocrx_word' id='word_1_119' title='bbox 1607 844 1689 876; x_wconf 90' lang='lat' dir='ltr'>non</span> <span class='ocrx_word' id='word_1_120' title='bbox 1718 832 1907 876; x_wconf 87' lang='lat' dir='ltr'>amicitia</span> <span class='ocrx_word' id='word_1_121' title='bbox 1928 831 2128 880; x_wconf 87' lang='lat' dir='ltr'>aemulans</span> <span class='ocrx_word' id='word_1_122' title='bbox 2156 833 2335 878; x_wconf 85' lang='lat' dir='ltr'>charita—</span> 
     </span>
     <span class='ocr_line' id='line_1_12' title="bbox 360 884 2354 944; baseline -0.001 -9"><span class='ocrx_word' id='word_1_123' title='bbox 360 902 449 936; x_wconf 85' lang='lat' dir='ltr'>tem</span> <span class='ocrx_word' id='word_1_124' title='bbox 472 887 688 944; x_wconf 76' lang='lat' dir='ltr'>coniungit</span> <span class='ocrx_word' id='word_1_125' title='bbox 709 887 895 939; x_wconf 86' lang='lat' dir='ltr'>animos,</span> <span class='ocrx_word' id='word_1_126' title='bbox 929 885 1024 930; x_wconf 89' lang='lat' dir='ltr'>sunt</span> <span class='ocrx_word' id='word_1_127' title='bbox 1047 886 1119 929; x_wconf 86' lang='lat' dir='ltr'>illa</span> <span class='ocrx_word' id='word_1_128' title='bbox 1141 899 1223 930; x_wconf 92' lang='lat' dir='ltr'>non</span> <span class='ocrx_word' id='word_1_129' title='bbox 1245 887 1368 930; x_wconf 90' lang='lat' dir='ltr'>aliter</span> <span class='ocrx_word' id='word_1_130' title='bbox 1394 898 1520 942; x_wconf 87' lang='lat' dir='ltr'>quam</span> <span class='ocrx_word' id='word_1_131' title='bbox 1547 885 1831 931; x_wconf 73' lang='lat' dir='ltr'>simulationes</span> <span class='ocrx_word' id='word_1_132' title='bbox 1857 884 2077 940; x_wconf 81' lang='lat' dir='ltr'>amicitiae,</span> <span class='ocrx_word' id='word_1_133' title='bbox 2097 890 2137 934; x_wconf 68' lang='grc' dir='ltr'>ὅ(</span> <span class='ocrx_word' id='word_1_134' title='bbox 2160 887 2336 934; x_wconf 71' lang='lat' dir='ltr'>fallaces</span> <span class='ocrx_word' id='word_1_135' title='bbox 2348 916 2354 921; x_wconf 33' lang='lat' dir='ltr'>-v</span> 
     </span>
     <span class='ocr_line' id='line_1_13' title="bbox 363 941 2339 999; baseline -0.001 -10"><span class='ocrx_word' id='word_1_136' title='bbox 363 944 682 990; x_wconf 84' lang='lat' dir='ltr'>testificationes</span> <span class='ocrx_word' id='word_1_137' title='bbox 707 942 861 985; x_wconf 86' lang='lat' dir='ltr'>amoris</span> <span class='ocrx_word' id='word_1_138' title='bbox 884 942 1046 995; x_wconf 88' lang='lat' dir='ltr'>mutui,</span> <span class='ocrx_word' id='word_1_139' title='bbox 1107 942 1261 986; x_wconf 84' lang='lat' dir='ltr'>ellaces</span> <span class='ocrx_word' id='word_1_140' title='bbox 1287 941 1581 985; x_wconf 72' lang='lat' dir='ltr'>insinuationes</span> <span class='ocrx_word' id='word_1_141' title='bbox 1607 941 1650 985; x_wconf 89' lang='lat' dir='ltr'>in</span> <span class='ocrx_word' id='word_1_142' title='bbox 1675 941 1847 992; x_wconf 81' lang='lat' dir='ltr'>favores</span> <span class='ocrx_word' id='word_1_143' title='bbox 1868 974 1882 995; x_wconf 94' lang='lat'>,</span> <span class='ocrx_word' id='word_1_144' title='bbox 1903 970 1906 975; x_wconf 90' lang='lat'><em>·</em></span> <span class='ocrx_word' id='word_1_145' title='bbox 1926 943 1968 987; x_wconf 84' lang='lat'>&amp;</span> <span class='ocrx_word' id='word_1_146' title='bbox 1989 942 2174 987; x_wconf 85' lang='lat' dir='ltr'>litamina</span> <span class='ocrx_word' id='word_1_147' title='bbox 2190 945 2339 999; x_wconf 85' lang='lat' dir='ltr'>J&#39;ucun-</span> 
     </span>
     <span class='ocr_line' id='line_1_14' title="bbox 361 996 2338 1052; baseline 0 -8"><span class='ocrx_word' id='word_1_148' title='bbox 361 1002 548 1045; x_wconf 83' lang='lat' dir='ltr'>ditatum</span> <span class='ocrx_word' id='word_1_149' title='bbox 573 998 789 1052; x_wconf 88' lang='lat' dir='ltr'>corporis,</span> <span class='ocrx_word' id='word_1_150' title='bbox 821 996 1025 1052; x_wconf 85' lang='lat' dir='ltr'>imprimis</span> <span class='ocrx_word' id='word_1_151' title='bbox 1076 997 1333 1050; x_wconf 88' lang='lat' dir='ltr'>ensualiuin,</span> <span class='ocrx_word' id='word_1_152' title='bbox 1374 1009 1399 1039; x_wconf 87' lang='lat' dir='ltr'>a</span> <span class='ocrx_word' id='word_1_153' title='bbox 1435 996 1584 1052; x_wconf 90' lang='lat' dir='ltr'>quibus</span> <span class='ocrx_word' id='word_1_154' title='bbox 1624 997 1745 1041; x_wconf 84' lang='lat' dir='ltr'>alteri</span> <span class='ocrx_word' id='word_1_155' title='bbox 1777 996 1972 1042; x_wconf 87' lang='lat' dir='ltr'>feruntur</span> <span class='ocrx_word' id='word_1_156' title='bbox 1989 997 2097 1043; x_wconf 89' lang='lat' dir='ltr'>ficut</span> <span class='ocrx_word' id='word_1_157' title='bbox 2112 999 2276 1043; x_wconf 65' lang='lat' dir='ltr'>&#39;Naves</span> <span class='ocrx_word' id='word_1_158' title='bbox 2312 1013 2338 1044; x_wconf 84' lang='lat' dir='ltr'>a</span> 
     </span>
     <span class='ocr_line' id='line_1_15' title="bbox 365 1050 2336 1112; baseline -0.001 -13"><span class='ocrx_word' id='word_1_159' title='bbox 365 1057 476 1099; x_wconf 77' lang='lat' dir='ltr'>velis</span> <span class='ocrx_word' id='word_1_160' title='bbox 497 1055 536 1098; x_wconf 73' lang='grc' dir='ltr'>δι</span> <span class='ocrx_word' id='word_1_161' title='bbox 568 1053 765 1097; x_wconf 60' lang='lat' dir='ltr'>fluetibus</span> <span class='ocrx_word' id='word_1_162' title='bbox 797 1050 1012 1104; x_wconf 86' lang='lat' dir='ltr'>secundis,</span> <span class='ocrx_word' id='word_1_163' title='bbox 1043 1052 1083 1095; x_wconf 94' lang='lat' dir='ltr'>in</span> <span class='ocrx_word' id='word_1_164' title='bbox 1109 1051 1173 1095; x_wconf 81' lang='lat' dir='ltr'>liis</span> <span class='ocrx_word' id='word_1_165' title='bbox 1200 1050 1513 1111; x_wconf 87' lang='lat' dir='ltr'>Sychophantae</span> <span class='ocrx_word' id='word_1_166' title='bbox 1540 1053 1581 1098; x_wconf 74' lang='grc' dir='ltr'>δι</span> <span class='ocrx_word' id='word_1_167' title='bbox 1611 1053 1867 1112; x_wconf 82' lang='lat' dir='ltr'>Hypocritae</span> <span class='ocrx_word' id='word_1_168' title='bbox 1897 1053 1940 1098; x_wconf 87' lang='lat' dir='ltr'>in</span> <span class='ocrx_word' id='word_1_169' title='bbox 1961 1053 2091 1111; x_wconf 86' lang='lat' dir='ltr'>puppi</span> <span class='ocrx_word' id='word_1_170' title='bbox 2124 1054 2260 1109; x_wconf 89' lang='lat' dir='ltr'>stant,</span> <span class='ocrx_word' id='word_1_171' title='bbox 2295 1056 2336 1101; x_wconf 74' lang='grc' dir='ltr'>δε</span> 
     </span>
     <span class='ocr_line' id='line_1_16' title="bbox 365 1107 2069 1166; baseline -0.003 -11"><span class='ocrx_word' id='word_1_172' title='bbox 365 1112 541 1157; x_wconf 71' lang='lat' dir='ltr'>clavum</span> <span class='ocrx_word' id='word_1_173' title='bbox 565 1107 837 1166; x_wconf 80' lang='lat' dir='ltr'>gubernaculi</span> <span class='ocrx_word' id='word_1_174' title='bbox 857 1115 1000 1152; x_wconf 85' lang='lat' dir='ltr'>tenent</span> <span class='ocrx_word' id='word_1_175' title='bbox 1020 1107 1063 1152; x_wconf 85' lang='lat' dir='ltr'>in</span> <span class='ocrx_word' id='word_1_176' title='bbox 1083 1119 1222 1152; x_wconf 87' lang='lat' dir='ltr'>manu.</span> <span class='ocrx_word' id='word_1_177' title='bbox 1360 1143 1364 1146; x_wconf 93' lang='lat'>.</span> <span class='ocrx_word' id='word_1_178' title='bbox 1509 1155 1514 1160; x_wconf 17' lang='grc' dir='ltr'>ἱ</span> <span class='ocrx_word' id='word_1_179' title='bbox 1837 1111 1840 1114; x_wconf 88' lang='grc'><strong>’</strong></span> <span class='ocrx_word' id='word_1_180' title='bbox 1952 1120 1955 1121; x_wconf 63' lang='grc'>’</span> <span class='ocrx_word' id='word_1_181' title='bbox 2067 1120 2069 1122; x_wconf 90' lang='grc'><strong><em>·</em></strong></span> 
     </span>
    </p>
   </div>
   <div class='ocr_carea' id='block_1_3' title="bbox 455 1256 2241 1420">
    <p class='ocr_par' dir='ltr' id='par_1_3' title="bbox 455 1256 2241 1420">
     <span class='ocr_line' id='line_1_17' title="bbox 455 1256 2241 1353; baseline -0.001 -25"><span class='ocrx_word' id='word_1_182' title='bbox 455 1271 617 1353; x_wconf 75' lang='lat' dir='ltr'>Qod</span> <span class='ocrx_word' id='word_1_183' title='bbox 641 1272 892 1329; x_wconf 81' lang='lat' dir='ltr'>Primum</span> <span class='ocrx_word' id='word_1_184' title='bbox 930 1270 1230 1343; x_wconf 68' lang='lat' dir='ltr'>Charipatis</span> <span class='ocrx_word' id='word_1_185' title='bbox 1255 1270 1334 1341; x_wconf 81' lang='lat' dir='ltr'>fit</span> <span class='ocrx_word' id='word_1_186' title='bbox 1367 1256 1807 1334; x_wconf 66' lang='lat' dir='ltr'>amoveramala,</span> <span class='ocrx_word' id='word_1_187' title='bbox 1858 1272 1916 1329; x_wconf 77' lang='lat'><em>&amp;</em></span> <span class='ocrx_word' id='word_1_188' title='bbox 1952 1273 2241 1350; x_wconf 70' lang='lat' dir='ltr'>Secundum</span> 
     </span>
     <span class='ocr_line' id='line_1_18' title="bbox 710 1345 2109 1420; baseline 0.004 -20"><span class='ocrx_word' id='word_1_189' title='bbox 710 1347 829 1420; x_wconf 79' lang='lat' dir='ltr'>ejus</span> <span class='ocrx_word' id='word_1_190' title='bbox 854 1347 1046 1415; x_wconf 82' lang='lat' dir='ltr'>facere</span> <span class='ocrx_word' id='word_1_191' title='bbox 1083 1345 1240 1410; x_wconf 87' lang='lat' dir='ltr'>bona,</span> <span class='ocrx_word' id='word_1_192' title='bbox 1279 1363 1394 1419; x_wconf 84' lang='lat' dir='ltr'>quae</span> <span class='ocrx_word' id='word_1_193' title='bbox 1428 1347 1545 1420; x_wconf 79' lang='lat' dir='ltr'>usui</span> <span class='ocrx_word' id='word_1_194' title='bbox 1564 1349 1811 1417; x_wconf 80' lang='lat' dir='ltr'>proximo</span> <span class='ocrx_word' id='word_1_195' title='bbox 1833 1346 1986 1415; x_wconf 83' lang='lat' dir='ltr'>sunt.</span> <span class='ocrx_word' id='word_1_196' title='bbox 2047 1414 2065 1418; x_wconf 8' lang='grc' dir='ltr'>ῖ-</span> <span class='ocrx_word' id='word_1_197' title='bbox 2106 1404 2109 1405; x_wconf 11' lang='lat' dir='ltr'>a</span> 
     </span>
    </p>
   </div>
   <div class='ocr_carea' id='block_1_4' title="bbox 339 1488 2402 3246">
    <p class='ocr_par' dir='ltr' id='par_1_4' title="bbox 348 1488 2402 2974">
     <span class='ocr_line' id='line_1_19' title="bbox 414 1488 2343 1552; baseline -0.001 -16"><span class='ocrx_word' id='word_1_198' title='bbox 414 1506 516 1552; x_wconf 79' lang='lat'>435.</span> <span class='ocrx_word' id='word_1_199' title='bbox 549 1493 596 1536; x_wconf 92' lang='lat' dir='ltr'>In</span> <span class='ocrx_word' id='word_1_200' title='bbox 620 1491 828 1536; x_wconf 63' lang='lat' dir='ltr'>Doetri&#39;na</span> <span class='ocrx_word' id='word_1_201' title='bbox 853 1488 1082 1550; x_wconf 73' lang='lat' dir='ltr'>Charitatis</span> <span class='ocrx_word' id='word_1_202' title='bbox 1111 1488 1265 1543; x_wconf 77' lang='lat' dir='ltr'>prImas</span> <span class='ocrx_word' id='word_1_203' title='bbox 1294 1496 1438 1544; x_wconf 89' lang='lat' dir='ltr'>partes</span> <span class='ocrx_word' id='word_1_204' title='bbox 1468 1498 1583 1532; x_wconf 88' lang='lat' dir='ltr'>tenet</span> <span class='ocrx_word' id='word_1_205' title='bbox 1602 1491 1687 1535; x_wconf 90' lang='lat' dir='ltr'>hoc</span> <span class='ocrx_word' id='word_1_206' title='bbox 1705 1520 1720 1542; x_wconf 89' lang='lat'>,</span> <span class='ocrx_word' id='word_1_207' title='bbox 1766 1492 1880 1547; x_wconf 90' lang='lat' dir='ltr'>quod</span> <span class='ocrx_word' id='word_1_208' title='bbox 1901 1493 2083 1548; x_wconf 90' lang='lat' dir='ltr'>primum</span> <span class='ocrx_word' id='word_1_209' title='bbox 2107 1490 2343 1536; x_wconf 78' lang='lat' dir='ltr'>Charitatis</span> 
     </span>
     <span class='ocr_line' id='line_1_20' title="bbox 367 1540 2402 1604; baseline -0 -10"><span class='ocrx_word' id='word_1_210' title='bbox 367 1550 420 1595; x_wconf 80' lang='lat' dir='ltr'>fit</span> <span class='ocrx_word' id='word_1_211' title='bbox 442 1562 527 1593; x_wconf 89' lang='lat' dir='ltr'>non</span> <span class='ocrx_word' id='word_1_212' title='bbox 545 1547 690 1590; x_wconf 76' lang='lat' dir='ltr'>facere</span> <span class='ocrx_word' id='word_1_213' title='bbox 713 1546 868 1589; x_wconf 88' lang='lat' dir='ltr'>malum</span> <span class='ocrx_word' id='word_1_214' title='bbox 891 1556 1115 1599; x_wconf 85' lang='lat' dir='ltr'>proximo,</span> <span class='ocrx_word' id='word_1_215' title='bbox 1148 1543 1189 1586; x_wconf 88' lang='lat'>&amp;</span> <span class='ocrx_word' id='word_1_216' title='bbox 1205 1540 1404 1587; x_wconf 84' lang='lat' dir='ltr'>secundas</span> <span class='ocrx_word' id='word_1_217' title='bbox 1421 1574 1435 1603; x_wconf 84' lang='lat'>,</span> <span class='ocrx_word' id='word_1_218' title='bbox 1454 1543 1612 1595; x_wconf 64' lang='lat' dir='ltr'>„facere</span> <span class='ocrx_word' id='word_1_219' title='bbox 1634 1548 1791 1590; x_wconf 89' lang='lat' dir='ltr'>bonum</span> <span class='ocrx_word' id='word_1_220' title='bbox 1822 1547 1908 1600; x_wconf 67' lang='lat' dir='ltr'>illi}</span> <span class='ocrx_word' id='word_1_221' title='bbox 1940 1548 2024 1591; x_wconf 91' lang='lat' dir='ltr'>hoc</span> <span class='ocrx_word' id='word_1_222' title='bbox 2043 1547 2336 1604; x_wconf 87' lang='lat' dir='ltr'>dogmaticum</span> <span class='ocrx_word' id='word_1_223' title='bbox 2394 1572 2402 1576; x_wconf 95' lang='lat'>-</span> 
     </span>
     <span class='ocr_line' id='line_1_21' title="bbox 359 1597 2332 1659; baseline -0.002 -10"><span class='ocrx_word' id='word_1_224' title='bbox 359 1605 421 1649; x_wconf 85' lang='lat' dir='ltr'>est</span> <span class='ocrx_word' id='word_1_225' title='bbox 439 1604 545 1648; x_wconf 85' lang='lat' dir='ltr'>ficut</span> <span class='ocrx_word' id='word_1_226' title='bbox 561 1603 684 1656; x_wconf 78' lang='lat' dir='ltr'>Janua</span> <span class='ocrx_word' id='word_1_227' title='bbox 711 1600 761 1642; x_wconf 87' lang='lat' dir='ltr'>ad</span> <span class='ocrx_word' id='word_1_228' title='bbox 778 1599 1008 1644; x_wconf 62' lang='lat' dir='ltr'>doetrinam</span> <span class='ocrx_word' id='word_1_229' title='bbox 1030 1597 1271 1645; x_wconf 79' lang='lat' dir='ltr'>charitatis.</span> <span class='ocrx_word' id='word_1_230' title='bbox 1331 1597 1503 1643; x_wconf 84' lang='lat' dir='ltr'>Notum</span> <span class='ocrx_word' id='word_1_231' title='bbox 1523 1600 1603 1654; x_wconf 89' lang='lat' dir='ltr'>est,</span> <span class='ocrx_word' id='word_1_232' title='bbox 1636 1601 1755 1659; x_wconf 77' lang='lat' dir='ltr'>quod.</span> <span class='ocrx_word' id='word_1_233' title='bbox 1773 1601 1958 1656; x_wconf 82' lang='lat' dir='ltr'>cujusvis</span> <span class='ocrx_word' id='word_1_234' title='bbox 1979 1603 2158 1647; x_wconf 86' lang='lat' dir='ltr'>hominis</span> <span class='ocrx_word' id='word_1_235' title='bbox 2176 1602 2332 1646; x_wconf 80' lang='lat' dir='ltr'>volun-</span> 
     </span>
     <span class='ocr_line' id='line_1_22' title="bbox 358 1652 2338 1715; baseline -0.001 -14"><span class='ocrx_word' id='word_1_236' title='bbox 358 1660 442 1706; x_wconf 80' lang='lat' dir='ltr'>tati</span> <span class='ocrx_word' id='word_1_237' title='bbox 462 1672 484 1701; x_wconf 88' lang='lat' dir='ltr'>a</span> <span class='ocrx_word' id='word_1_238' title='bbox 509 1657 733 1700; x_wconf 87' lang='lat' dir='ltr'>nativitate</span> <span class='ocrx_word' id='word_1_239' title='bbox 754 1653 925 1709; x_wconf 72' lang='lat' dir='ltr'>insideat</span> <span class='ocrx_word' id='word_1_240' title='bbox 944 1652 1133 1705; x_wconf 79' lang='lat' dir='ltr'>malum,</span> <span class='ocrx_word' id='word_1_241' title='bbox 1163 1653 1207 1696; x_wconf 86' lang='lat'>&amp;</span> <span class='ocrx_word' id='word_1_242' title='bbox 1225 1654 1322 1710; x_wconf 87' lang='lat' dir='ltr'>quia</span> <span class='ocrx_word' id='word_1_243' title='bbox 1346 1666 1473 1715; x_wconf 79' lang='lat' dir='ltr'>omne</span> <span class='ocrx_word' id='word_1_244' title='bbox 1493 1656 1651 1701; x_wconf 86' lang='lat' dir='ltr'>malurn</span> <span class='ocrx_word' id='word_1_245' title='bbox 1675 1655 1835 1710; x_wconf 72' lang='lat' dir='ltr'>speftat</span> <span class='ocrx_word' id='word_1_246' title='bbox 1850 1658 2064 1702; x_wconf 88' lang='lat' dir='ltr'>hominem</span> <span class='ocrx_word' id='word_1_247' title='bbox 2081 1662 2215 1714; x_wconf 86' lang='lat' dir='ltr'>prope</span> <span class='ocrx_word' id='word_1_248' title='bbox 2232 1652 2338 1704; x_wconf 67' lang='lat' dir='ltr'>se&amp;</span> 
     </span>
     <span class='ocr_line' id='line_1_23' title="bbox 356 1708 2340 1769; baseline 0.001 -15"><span class='ocrx_word' id='word_1_249' title='bbox 356 1713 509 1769; x_wconf 87' lang='lat' dir='ltr'>procul</span> <span class='ocrx_word' id='word_1_250' title='bbox 533 1725 556 1753; x_wconf 90' lang='lat' dir='ltr'>a</span> <span class='ocrx_word' id='word_1_251' title='bbox 578 1709 643 1763; x_wconf 86' lang='lat' dir='ltr'>se,</span> <span class='ocrx_word' id='word_1_252' title='bbox 675 1710 716 1754; x_wconf 74' lang='grc' dir='ltr'>ἀ</span> <span class='ocrx_word' id='word_1_253' title='bbox 739 1721 909 1765; x_wconf 88' lang='lat' dir='ltr'>quoque</span> <span class='ocrx_word' id='word_1_254' title='bbox 930 1708 1192 1767; x_wconf 76' lang='lat' dir='ltr'>Societatem</span> <span class='ocrx_word' id='word_1_255' title='bbox 1212 1710 1252 1752; x_wconf 87' lang='lat'>&amp;</span> <span class='ocrx_word' id='word_1_256' title='bbox 1271 1709 1477 1761; x_wconf 79' lang='lat' dir='ltr'>Patriam,</span> <span class='ocrx_word' id='word_1_257' title='bbox 1513 1709 1700 1767; x_wconf 87' lang='lat' dir='ltr'>sequitur</span> <span class='ocrx_word' id='word_1_258' title='bbox 1725 1711 1838 1767; x_wconf 90' lang='lat' dir='ltr'>quod</span> <span class='ocrx_word' id='word_1_259' title='bbox 1850 1714 2009 1757; x_wconf 89' lang='lat' dir='ltr'>malum</span> <span class='ocrx_word' id='word_1_260' title='bbox 2026 1711 2340 1765; x_wconf 73' lang='lat' dir='ltr'>haereditarium</span> 
     </span>
     <span class='ocr_line' id='line_1_24' title="bbox 359 1763 2333 1823; baseline -0.003 -11"><span class='ocrx_word' id='word_1_261' title='bbox 359 1768 422 1813; x_wconf 27' lang='lat' dir='ltr'>fit*</span> <span class='ocrx_word' id='word_1_262' title='bbox 440 1766 599 1811; x_wconf 85' lang='lat' dir='ltr'>malum</span> <span class='ocrx_word' id='word_1_263' title='bbox 618 1774 773 1809; x_wconf 88' lang='lat' dir='ltr'>contra</span> <span class='ocrx_word' id='word_1_264' title='bbox 821 1764 1033 1818; x_wconf 85' lang='lat' dir='ltr'>roximum</span> <span class='ocrx_word' id='word_1_265' title='bbox 1057 1763 1097 1807; x_wconf 88' lang='lat' dir='ltr'>in</span> <span class='ocrx_word' id='word_1_266' title='bbox 1121 1763 1234 1806; x_wconf 89' lang='lat' dir='ltr'>omni</span> <span class='ocrx_word' id='word_1_267' title='bbox 1257 1763 1399 1819; x_wconf 87' lang='lat' dir='ltr'>gradu.</span> <span class='ocrx_word' id='word_1_268' title='bbox 1460 1764 1606 1808; x_wconf 91' lang='lat' dir='ltr'>Homo</span> <span class='ocrx_word' id='word_1_269' title='bbox 1628 1778 1681 1808; x_wconf 80' lang='lat' dir='ltr'>ex</span> <span class='ocrx_word' id='word_1_270' title='bbox 1706 1764 1977 1820; x_wconf 70' lang='lat' dir='ltr'>ipsasatione</span> <span class='ocrx_word' id='word_1_271' title='bbox 2003 1768 2140 1823; x_wconf 85' lang='lat' dir='ltr'>potest</span> <span class='ocrx_word' id='word_1_272' title='bbox 2163 1766 2333 1818; x_wconf 90' lang='lat' dir='ltr'>videre,</span> 
     </span>
     <span class='ocr_line' id='line_1_25' title="bbox 358 1818 2334 1879; baseline -0.001 -15"><span class='ocrx_word' id='word_1_273' title='bbox 358 1823 475 1879; x_wconf 91' lang='lat' dir='ltr'>quod</span> <span class='ocrx_word' id='word_1_274' title='bbox 492 1829 694 1877; x_wconf 86' lang='lat' dir='ltr'>quantum</span> <span class='ocrx_word' id='word_1_275' title='bbox 715 1832 783 1863; x_wconf 89' lang='lat' dir='ltr'>ma</span> <span class='ocrx_word' id='word_1_276' title='bbox 803 1832 872 1863; x_wconf 92' lang='lat' dir='ltr'>um</span> <span class='ocrx_word' id='word_1_277' title='bbox 902 1818 1126 1866; x_wconf 84' lang='lat' dir='ltr'>Voluntati</span> <span class='ocrx_word' id='word_1_278' title='bbox 1146 1818 1317 1862; x_wconf 75' lang='lat' dir='ltr'>insidens</span> <span class='ocrx_word' id='word_1_279' title='bbox 1337 1831 1422 1865; x_wconf 89' lang='lat' dir='ltr'>non</span> <span class='ocrx_word' id='word_1_280' title='bbox 1442 1832 1717 1872; x_wconf 80' lang='lat' dir='ltr'>removetur,</span> <span class='ocrx_word' id='word_1_281' title='bbox 1753 1831 1917 1867; x_wconf 81' lang='lat' dir='ltr'>tantum</span> <span class='ocrx_word' id='word_1_282' title='bbox 1943 1822 2100 1868; x_wconf 89' lang='lat' dir='ltr'>bonum</span> <span class='ocrx_word' id='word_1_283' title='bbox 2129 1820 2243 1879; x_wconf 87' lang='lat' dir='ltr'>quod</span> <span class='ocrx_word' id='word_1_284' title='bbox 2269 1819 2334 1864; x_wconf 85' lang='lat' dir='ltr'>fa-</span> 
     </span>
     <span class='ocr_line' id='line_1_26' title="bbox 361 1872 2334 1931; baseline 0 -11"><span class='ocrx_word' id='word_1_285' title='bbox 361 1878 423 1920; x_wconf 86' lang='lat' dir='ltr'>cit</span> <span class='ocrx_word' id='word_1_286' title='bbox 442 1909 455 1931; x_wconf 94' lang='lat'>,</span> <span class='ocrx_word' id='word_1_287' title='bbox 478 1877 555 1919; x_wconf 90' lang='lat' dir='ltr'>illo</span> <span class='ocrx_word' id='word_1_288' title='bbox 568 1876 682 1919; x_wconf 86' lang='lat' dir='ltr'>malo</span> <span class='ocrx_word' id='word_1_289' title='bbox 710 1876 1028 1930; x_wconf 85' lang='lat' dir='ltr'>impraegnatum</span> <span class='ocrx_word' id='word_1_290' title='bbox 1051 1873 1128 1925; x_wconf 88' lang='lat' dir='ltr'>fit,</span> <span class='ocrx_word' id='word_1_291' title='bbox 1143 1872 1201 1916; x_wconf 86' lang='lat' dir='ltr'>est</span> <span class='ocrx_word' id='word_1_292' title='bbox 1222 1874 1332 1931; x_wconf 83' lang='lat' dir='ltr'>enim</span> <span class='ocrx_word' id='word_1_293' title='bbox 1353 1882 1455 1916; x_wconf 88' lang='lat' dir='ltr'>tunc</span> <span class='ocrx_word' id='word_1_294' title='bbox 1478 1874 1635 1918; x_wconf 84' lang='lat' dir='ltr'>malum</span> <span class='ocrx_word' id='word_1_295' title='bbox 1658 1876 1772 1918; x_wconf 84' lang='lat' dir='ltr'>intus</span> <span class='ocrx_word' id='word_1_296' title='bbox 1794 1876 1836 1920; x_wconf 84' lang='lat' dir='ltr'>in</span> <span class='ocrx_word' id='word_1_297' title='bbox 1857 1877 1998 1930; x_wconf 91' lang='lat' dir='ltr'>bono,</span> <span class='ocrx_word' id='word_1_298' title='bbox 2029 1878 2137 1922; x_wconf 85' lang='lat' dir='ltr'>ficut</span> <span class='ocrx_word' id='word_1_299' title='bbox 2159 1875 2334 1920; x_wconf 76' lang='lat' dir='ltr'>nucleus</span> 
     </span>
     <span class='ocr_line' id='line_1_27' title="bbox 357 1927 2338 1986; baseline -0.002 -10"><span class='ocrx_word' id='word_1_300' title='bbox 357 1933 403 1976; x_wconf 90' lang='lat' dir='ltr'>in</span> <span class='ocrx_word' id='word_1_301' title='bbox 422 1932 584 1983; x_wconf 91' lang='lat' dir='ltr'>crusta,</span> <span class='ocrx_word' id='word_1_302' title='bbox 618 1933 659 1975; x_wconf 69' lang='grc' dir='ltr'>ὃς</span> <span class='ocrx_word' id='word_1_303' title='bbox 682 1931 791 1974; x_wconf 88' lang='lat' dir='ltr'>ficut</span> <span class='ocrx_word' id='word_1_304' title='bbox 810 1928 990 1972; x_wconf 88' lang='lat' dir='ltr'>medulla</span> <span class='ocrx_word' id='word_1_305' title='bbox 1011 1927 1051 1970; x_wconf 88' lang='lat' dir='ltr'>in</span> <span class='ocrx_word' id='word_1_306' title='bbox 1076 1929 1163 1971; x_wconf 86' lang='lat' dir='ltr'>oss&#39;e</span> <span class='ocrx_word' id='word_1_307' title='bbox 1179 1958 1194 1979; x_wconf 94' lang='lat'>,</span> <span class='ocrx_word' id='word_1_308' title='bbox 1226 1940 1357 1983; x_wconf 89' lang='lat' dir='ltr'>quare</span> <span class='ocrx_word' id='word_1_309' title='bbox 1377 1929 1539 1973; x_wconf 82' lang='lat' dir='ltr'>tametsi</span> <span class='ocrx_word' id='word_1_310' title='bbox 1559 1929 1740 1981; x_wconf 88' lang='lat' dir='ltr'>bonum,</span> <span class='ocrx_word' id='word_1_311' title='bbox 1753 1931 1874 1986; x_wconf 36' lang='lat' dir='ltr'>*quod</span> <span class='ocrx_word' id='word_1_312' title='bbox 1898 1932 2021 1976; x_wconf 86' lang='lat' dir='ltr'>fit-ab</span> <span class='ocrx_word' id='word_1_313' title='bbox 2040 1932 2210 1977; x_wconf 90' lang='lat' dir='ltr'>homine</span> <span class='ocrx_word' id='word_1_314' title='bbox 2226 1930 2338 1982; x_wconf 67' lang='lat' dir='ltr'>tali,</span> 
     </span>
     <span class='ocr_line' id='line_1_28' title="bbox 359 1981 2338 2045; baseline -0.002 -15"><span class='ocrx_word' id='word_1_315' title='bbox 359 1995 536 2043; x_wconf 87' lang='lat' dir='ltr'>apparet</span> <span class='ocrx_word' id='word_1_316' title='bbox 555 1996 602 2028; x_wconf 91' lang='lat' dir='ltr'>ut</span> <span class='ocrx_word' id='word_1_317' title='bbox 626 1985 784 2029; x_wconf 90' lang='lat' dir='ltr'>bonum</span> <span class='ocrx_word' id='word_1_318' title='bbox 798 2015 812 2036; x_wconf 95' lang='lat'>,</span> <span class='ocrx_word' id='word_1_319' title='bbox 844 1983 900 2025; x_wconf 92' lang='lat' dir='ltr'>us</span> <span class='ocrx_word' id='word_1_320' title='bbox 923 1995 975 2026; x_wconf 91' lang='lat' dir='ltr'>ue</span> <span class='ocrx_word' id='word_1_321' title='bbox 995 1981 1241 2035; x_wconf 81' lang='lat' dir='ltr'>intrinsecus</span> <span class='ocrx_word' id='word_1_322' title='bbox 1264 1994 1346 2045; x_wconf 83' lang='lat' dir='ltr'>non</span> <span class='ocrx_word' id='word_1_323' title='bbox 1369 1983 1427 2027; x_wconf 86' lang='lat' dir='ltr'>est</span> <span class='ocrx_word' id='word_1_324' title='bbox 1451 1983 1633 2036; x_wconf 71' lang='lat' dir='ltr'>bonurn,</span> <span class='ocrx_word' id='word_1_325' title='bbox 1668 1984 1727 2029; x_wconf 89' lang='lat' dir='ltr'>est</span> <span class='ocrx_word' id='word_1_326' title='bbox 1749 1986 1860 2030; x_wconf 85' lang='lat' dir='ltr'>enim</span> <span class='ocrx_word' id='word_1_327' title='bbox 1888 1987 1996 2043; x_wconf 87' lang='lat' dir='ltr'>ficut</span> <span class='ocrx_word' id='word_1_328' title='bbox 2013 1986 2155 2043; x_wconf 59' lang='lat' dir='ltr'>crusta</span> <span class='ocrx_word' id='word_1_329' title='bbox 2177 1984 2338 2038; x_wconf 63' lang='lat' dir='ltr'>nitida,</span> 
     </span>
     <span class='ocr_line' id='line_1_29' title="bbox 363 2037 2338 2099; baseline -0.002 -13"><span class='ocrx_word' id='word_1_330' title='bbox 363 2043 478 2086; x_wconf 85' lang='lat' dir='ltr'>intra</span> <span class='ocrx_word' id='word_1_331' title='bbox 511 2054 638 2096; x_wconf 82' lang='lat' dir='ltr'>quarn</span> <span class='ocrx_word' id='word_1_332' title='bbox 671 2039 845 2083; x_wconf 81' lang='lat' dir='ltr'>nucleus</span> <span class='ocrx_word' id='word_1_333' title='bbox 869 2050 892 2080; x_wconf 90' lang='lat' dir='ltr'>e</span> <span class='ocrx_word' id='word_1_334' title='bbox 949 2037 1093 2081; x_wconf 90' lang='lat' dir='ltr'>erosus</span> <span class='ocrx_word' id='word_1_335' title='bbox 1124 2052 1147 2082; x_wconf 88' lang='lat' dir='ltr'>a</span> <span class='ocrx_word' id='word_1_336' title='bbox 1178 2039 1419 2091; x_wconf 82' lang='lat' dir='ltr'>vermibus,</span> <span class='ocrx_word' id='word_1_337' title='bbox 1452 2041 1492 2084; x_wconf 88' lang='lat'>&amp;</span> <span class='ocrx_word' id='word_1_338' title='bbox 1519 2039 1577 2083; x_wconf 89' lang='lat' dir='ltr'>est</span> <span class='ocrx_word' id='word_1_339' title='bbox 1610 2039 1718 2084; x_wconf 89' lang='lat' dir='ltr'>ficut</span> <span class='ocrx_word' id='word_1_340' title='bbox 1749 2040 2195 2099; x_wconf 83' lang='lat' dir='ltr'>amydalumalbum,</span> <span class='ocrx_word' id='word_1_341' title='bbox 2227 2038 2338 2094; x_wconf 78' lang='lat' dir='ltr'>intra</span> 
     </span>
     <span class='ocr_line' id='line_1_30' title="bbox 362 2092 2338 2159; baseline 0.001 -20"><span class='ocrx_word' id='word_1_342' title='bbox 362 2096 479 2153; x_wconf 90' lang='lat' dir='ltr'>quod</span> <span class='ocrx_word' id='word_1_343' title='bbox 507 2094 566 2138; x_wconf 88' lang='lat' dir='ltr'>est</span> <span class='ocrx_word' id='word_1_344' title='bbox 596 2094 801 2150; x_wconf 88' lang='lat' dir='ltr'>putred0,</span> <span class='ocrx_word' id='word_1_345' title='bbox 833 2104 971 2148; x_wconf 80' lang='lat' dir='ltr'>equa</span> <span class='ocrx_word' id='word_1_346' title='bbox 1008 2105 1124 2136; x_wconf 83' lang='lat' dir='ltr'>venae</span> <span class='ocrx_word' id='word_1_347' title='bbox 1154 2102 1302 2148; x_wconf 86' lang='lat' dir='ltr'>putres</span> <span class='ocrx_word' id='word_1_348' title='bbox 1334 2092 1463 2149; x_wconf 90' lang='lat' dir='ltr'>usque</span> <span class='ocrx_word' id='word_1_349' title='bbox 1489 2092 1842 2149; x_wconf 81' lang='lat' dir='ltr'>ad&#39;superficiem</span> <span class='ocrx_word' id='word_1_350' title='bbox 1866 2105 2110 2159; x_wconf 88' lang='lat' dir='ltr'>prorepunt.</span> <span class='ocrx_word' id='word_1_351' title='bbox 2169 2095 2338 2140; x_wconf 79' lang='lat' dir='ltr'>Malum</span> 
     </span>
     <span class='ocr_line' id='line_1_31' title="bbox 362 2144 2337 2202; baseline -0.002 -7"><span class='ocrx_word' id='word_1_352' title='bbox 362 2151 476 2195; x_wconf 86' lang='lat' dir='ltr'>velle</span> <span class='ocrx_word' id='word_1_353' title='bbox 499 2151 539 2195; x_wconf 71' lang='grc' dir='ltr'>ὅ(</span> <span class='ocrx_word' id='word_1_354' title='bbox 563 2149 718 2193; x_wconf 90' lang='lat' dir='ltr'>bonum</span> <span class='ocrx_word' id='word_1_355' title='bbox 738 2148 910 2199; x_wconf 89' lang='lat' dir='ltr'>facere,</span> <span class='ocrx_word' id='word_1_356' title='bbox 945 2146 1039 2190; x_wconf 87' lang='lat' dir='ltr'>sunt</span> <span class='ocrx_word' id='word_1_357' title='bbox 1061 2147 1101 2191; x_wconf 90' lang='lat' dir='ltr'>in</span> <span class='ocrx_word' id='word_1_358' title='bbox 1126 2144 1169 2189; x_wconf 88' lang='lat' dir='ltr'>se</span> <span class='ocrx_word' id='word_1_359' title='bbox 1188 2145 1272 2189; x_wconf 91' lang='lat' dir='ltr'>duo</span> <span class='ocrx_word' id='word_1_360' title='bbox 1295 2148 1522 2202; x_wconf 74' lang='lat' dir='ltr'>opposita,</span> <span class='ocrx_word' id='word_1_361' title='bbox 1539 2149 1693 2191; x_wconf 87' lang='lat' dir='ltr'>malum</span> <span class='ocrx_word' id='word_1_362' title='bbox 1715 2150 1826 2193; x_wconf 90' lang='lat' dir='ltr'>enim</span> <span class='ocrx_word' id='word_1_363' title='bbox 1845 2150 1905 2193; x_wconf 91' lang='lat' dir='ltr'>est</span> <span class='ocrx_word' id='word_1_364' title='bbox 1924 2151 2008 2194; x_wconf 89' lang='lat' dir='ltr'>odii</span> <span class='ocrx_word' id='word_1_365' title='bbox 2025 2161 2189 2194; x_wconf 28' lang='lat' dir='ltr'>contra*</span> <span class='ocrx_word' id='word_1_366' title='bbox 2225 2150 2337 2192; x_wconf 82' lang='lat' dir='ltr'>roxi-</span> 
     </span>
     <span class='ocr_line' id='line_1_32' title="bbox 360 2201 2334 2262; baseline -0.004 -10"><span class='ocrx_word' id='word_1_367' title='bbox 360 2219 504 2258; x_wconf 86' lang='lat' dir='ltr'>mum,</span> <span class='ocrx_word' id='word_1_368' title='bbox 536 2206 577 2250; x_wconf 87' lang='lat'>&amp;</span> <span class='ocrx_word' id='word_1_369' title='bbox 594 2204 752 2247; x_wconf 89' lang='lat' dir='ltr'>bonum</span> <span class='ocrx_word' id='word_1_370' title='bbox 773 2202 830 2246; x_wconf 89' lang='lat' dir='ltr'>est</span> <span class='ocrx_word' id='word_1_371' title='bbox 853 2201 1009 2246; x_wconf 88' lang='lat' dir='ltr'>amoris</span> <span class='ocrx_word' id='word_1_372' title='bbox 1029 2214 1127 2259; x_wconf 88' lang='lat' dir='ltr'>erga</span> <span class='ocrx_word' id='word_1_373' title='bbox 1151 2202 1417 2262; x_wconf 83' lang='lat' dir='ltr'>proximum,</span> <span class='ocrx_word' id='word_1_374' title='bbox 1450 2201 1522 2245; x_wconf 90' lang='lat' dir='ltr'>seu</span> <span class='ocrx_word' id='word_1_375' title='bbox 1545 2201 1702 2247; x_wconf 89' lang='lat' dir='ltr'>malum</span> <span class='ocrx_word' id='word_1_376' title='bbox 1721 2202 1781 2246; x_wconf 89' lang='lat' dir='ltr'>est</span> <span class='ocrx_word' id='word_1_377' title='bbox 1801 2204 1928 2247; x_wconf 88' lang='lat' dir='ltr'>hostis</span> <span class='ocrx_word' id='word_1_378' title='bbox 1946 2204 2130 2259; x_wconf 82' lang='lat' dir='ltr'>proximi</span> <span class='ocrx_word' id='word_1_379' title='bbox 2125 2235 2155 2258; x_wconf 58' lang='lat'><strong>4</strong></span> <span class='ocrx_word' id='word_1_380' title='bbox 2258 2203 2334 2246; x_wconf 89' lang='lat' dir='ltr'>bo-</span> 
     </span>
     <span class='ocr_line' id='line_1_33' title="bbox 362 2256 2332 2315; baseline -0.001 -12"><span class='ocrx_word' id='word_1_381' title='bbox 362 2274 465 2306; x_wconf 85' lang='lat' dir='ltr'>num</span> <span class='ocrx_word' id='word_1_382' title='bbox 484 2259 544 2302; x_wconf 90' lang='lat' dir='ltr'>est</span> <span class='ocrx_word' id='word_1_383' title='bbox 566 2260 727 2303; x_wconf 86' lang='lat' dir='ltr'>amicus</span> <span class='ocrx_word' id='word_1_384' title='bbox 747 2258 858 2312; x_wconf 80' lang='lat' dir='ltr'>ejus,</span> <span class='ocrx_word' id='word_1_385' title='bbox 890 2257 963 2299; x_wconf 88' lang='lat' dir='ltr'>illa</span> <span class='ocrx_word' id='word_1_386' title='bbox 982 2256 1068 2299; x_wconf 91' lang='lat' dir='ltr'>duo</span> <span class='ocrx_word' id='word_1_387' title='bbox 1090 2269 1174 2300; x_wconf 91' lang='lat' dir='ltr'>non</span> <span class='ocrx_word' id='word_1_388' title='bbox 1193 2256 1364 2312; x_wconf 83' lang='lat' dir='ltr'>poffunt</span> <span class='ocrx_word' id='word_1_389' title='bbox 1389 2257 1432 2299; x_wconf 89' lang='lat' dir='ltr'>in</span> <span class='ocrx_word' id='word_1_390' title='bbox 1454 2270 1534 2315; x_wconf 84' lang='lat' dir='ltr'>una</span> <span class='ocrx_word' id='word_1_391' title='bbox 1554 2267 1694 2306; x_wconf 88' lang='lat' dir='ltr'>mente</span> <span class='ocrx_word' id='word_1_392' title='bbox 1722 2258 1835 2309; x_wconf 87' lang='lat' dir='ltr'>dari,</span> <span class='ocrx_word' id='word_1_393' title='bbox 1869 2257 1950 2302; x_wconf 88' lang='lat' dir='ltr'>boc</span> <span class='ocrx_word' id='word_1_394' title='bbox 1974 2259 2059 2315; x_wconf 82' lang='lat' dir='ltr'>est,</span> <span class='ocrx_word' id='word_1_395' title='bbox 2092 2259 2133 2302; x_wconf 90' lang='lat' dir='ltr'>in</span> <span class='ocrx_word' id='word_1_396' title='bbox 2160 2258 2332 2312; x_wconf 86' lang='lat' dir='ltr'>Interno</span> 
     </span>
     <span class='ocr_line' id='line_1_34' title="bbox 360 2310 2335 2366; baseline 0 -8"><span class='ocrx_word' id='word_1_397' title='bbox 360 2315 536 2361; x_wconf 87' lang='lat' dir='ltr'>homine</span> <span class='ocrx_word' id='word_1_398' title='bbox 560 2313 744 2362; x_wconf 84' lang='lat' dir='ltr'>malum,</span> <span class='ocrx_word' id='word_1_399' title='bbox 776 2313 818 2360; x_wconf 65' lang='grc' dir='ltr'><strong>ἃ</strong></span> <span class='ocrx_word' id='word_1_400' title='bbox 842 2312 883 2356; x_wconf 89' lang='lat' dir='ltr'>in</span> <span class='ocrx_word' id='word_1_401' title='bbox 902 2312 1095 2355; x_wconf 80' lang='lat' dir='ltr'>Ex‘terno</span> <span class='ocrx_word' id='word_1_402' title='bbox 1118 2311 1285 2358; x_wconf 83' lang='lat' dir='ltr'>homine</span> <span class='ocrx_word' id='word_1_403' title='bbox 1304 2310 1545 2364; x_wconf 80' lang='lat' dir='ltr'>bonum,-fi</span> <span class='ocrx_word' id='word_1_404' title='bbox 1559 2312 1703 2366; x_wconf 82' lang='lat' dir='ltr'>datur,</span> <span class='ocrx_word' id='word_1_405' title='bbox 1737 2313 1796 2356; x_wconf 86' lang='lat' dir='ltr'>est</span> <span class='ocrx_word' id='word_1_406' title='bbox 1817 2313 1976 2358; x_wconf 76' lang='lat' dir='ltr'>honum</span> <span class='ocrx_word' id='word_1_407' title='bbox 2001 2314 2044 2357; x_wconf 90' lang='lat' dir='ltr'>in</span> <span class='ocrx_word' id='word_1_408' title='bbox 2068 2314 2262 2360; x_wconf 77' lang='lat' dir='ltr'>Externo</span> <span class='ocrx_word' id='word_1_409' title='bbox 2287 2313 2335 2358; x_wconf 89' lang='lat' dir='ltr'>fi-</span> 
     </span>
     <span class='ocr_line' id='line_1_35' title="bbox 360 2365 2336 2424; baseline 0 -11"><span class='ocrx_word' id='word_1_410' title='bbox 360 2379 439 2423; x_wconf 73' lang='lat' dir='ltr'>cut</span> <span class='ocrx_word' id='word_1_411' title='bbox 459 2369 613 2413; x_wconf 85' lang='lat' dir='ltr'>vulnus</span> <span class='ocrx_word' id='word_1_412' title='bbox 635 2367 852 2424; x_wconf 81' lang='lat' dir='ltr'>palliative</span> <span class='ocrx_word' id='word_1_413' title='bbox 871 2378 1090 2420; x_wconf 87' lang='lat' dir='ltr'>curatum,</span> <span class='ocrx_word' id='word_1_414' title='bbox 1122 2367 1162 2410; x_wconf 86' lang='lat' dir='ltr'>in</span> <span class='ocrx_word' id='word_1_415' title='bbox 1182 2379 1268 2423; x_wconf 91' lang='lat' dir='ltr'>quo</span> <span class='ocrx_word' id='word_1_416' title='bbox 1284 2365 1480 2415; x_wconf 73' lang='lat' dir='ltr'>intusest</span> <span class='ocrx_word' id='word_1_417' title='bbox 1499 2366 1630 2412; x_wconf 87' lang='lat' dir='ltr'>sanies</span> <span class='ocrx_word' id='word_1_418' title='bbox 1650 2366 1904 2424; x_wconf 81' lang='lat' dir='ltr'>putrescens.</span> <span class='ocrx_word' id='word_1_419' title='bbox 1962 2369 2110 2415; x_wconf 90' lang='lat' dir='ltr'>Homo</span> <span class='ocrx_word' id='word_1_420' title='bbox 2142 2380 2246 2414; x_wconf 86' lang='lat' dir='ltr'>tunc</span> <span class='ocrx_word' id='word_1_421' title='bbox 2275 2368 2336 2413; x_wconf 88' lang='lat' dir='ltr'>est</span> 
     </span>
     <span class='ocr_line' id='line_1_36' title="bbox 359 2421 2338 2488; baseline -0.001 -20"><span class='ocrx_word' id='word_1_422' title='bbox 359 2426 469 2478; x_wconf 84' lang='lat' dir='ltr'>ficut</span> <span class='ocrx_word' id='word_1_423' title='bbox 496 2425 636 2468; x_wconf 87' lang='lat' dir='ltr'>Arbor</span> <span class='ocrx_word' id='word_1_424' title='bbox 656 2424 774 2478; x_wconf 85' lang='lat' dir='ltr'>qu‘us</span> <span class='ocrx_word' id='word_1_425' title='bbox 794 2422 908 2466; x_wconf 82' lang='lat' dir='ltr'>radix</span> <span class='ocrx_word' id='word_1_426' title='bbox 923 2422 986 2467; x_wconf 72' lang='lat' dir='ltr'>est</span> <span class='ocrx_word' id='word_1_427' title='bbox 1007 2422 1201 2468; x_wconf 83' lang='lat' dir='ltr'>obsoleta</span> <span class='ocrx_word' id='word_1_428' title='bbox 1218 2453 1232 2474; x_wconf 86' lang='lat'>,</span> <span class='ocrx_word' id='word_1_429' title='bbox 1273 2423 1315 2466; x_wconf 87' lang='lat'>&amp;</span> <span class='ocrx_word' id='word_1_430' title='bbox 1349 2429 1488 2483; x_wconf 74' lang='lat' dir='ltr'>tamen</span> <span class='ocrx_word' id='word_1_431' title='bbox 1509 2423 1707 2477; x_wconf 85' lang='lat' dir='ltr'>producit</span> <span class='ocrx_word' id='word_1_432' title='bbox 1738 2423 1937 2478; x_wconf 67' lang='lat' dir='ltr'>fruetus,</span> <span class='ocrx_word' id='word_1_433' title='bbox 1979 2425 2050 2488; x_wconf 88' lang='lat' dir='ltr'>qui</span> <span class='ocrx_word' id='word_1_434' title='bbox 2079 2421 2338 2479; x_wconf 69' lang='lat' dir='ltr'>extrinsecus</span> 
     </span>
     <span class='ocr_line' id='line_1_37' title="bbox 361 2474 2334 2536; baseline -0.001 -14"><span class='ocrx_word' id='word_1_435' title='bbox 361 2483 566 2536; x_wconf 76' lang='lat' dir='ltr'>apparent</span> <span class='ocrx_word' id='word_1_436' title='bbox 589 2478 700 2521; x_wconf 87' lang='lat' dir='ltr'>ficut</span> <span class='ocrx_word' id='word_1_437' title='bbox 726 2476 891 2520; x_wconf 70' lang='lat' dir='ltr'>fruetus</span> <span class='ocrx_word' id='word_1_438' title='bbox 912 2475 1070 2531; x_wconf 87' lang='lat' dir='ltr'>saporis</span> <span class='ocrx_word' id='word_1_439' title='bbox 1096 2477 1139 2521; x_wconf 70' lang='grc' dir='ltr'>,ἃ</span> <span class='ocrx_word' id='word_1_440' title='bbox 1161 2475 1278 2527; x_wconf 90' lang='lat' dir='ltr'>usus,</span> <span class='ocrx_word' id='word_1_441' title='bbox 1312 2474 1382 2518; x_wconf 89' lang='lat' dir='ltr'>sed</span> <span class='ocrx_word' id='word_1_442' title='bbox 1410 2475 1659 2522; x_wconf 83' lang='lat' dir='ltr'>intrinsecus</span> <span class='ocrx_word' id='word_1_443' title='bbox 1690 2478 1787 2523; x_wconf 88' lang='lat' dir='ltr'>sunt</span> <span class='ocrx_word' id='word_1_444' title='bbox 1806 2480 1907 2522; x_wconf 89' lang='lat' dir='ltr'>tetri</span> <span class='ocrx_word' id='word_1_445' title='bbox 1929 2480 1970 2525; x_wconf 83' lang='lat'>&amp;</span> <span class='ocrx_word' id='word_1_446' title='bbox 1990 2480 2159 2524; x_wconf 84' lang='lat' dir='ltr'>inutiles</span> <span class='ocrx_word' id='word_1_447' title='bbox 2180 2491 2194 2532; x_wconf 81' lang='lat'>3</span> <span class='ocrx_word' id='word_1_448' title='bbox 2236 2476 2334 2521; x_wconf 77' lang='lat' dir='ltr'>sunt</span> 
     </span>
     <span class='ocr_line' id='line_1_38' title="bbox 356 2530 2338 2592; baseline -0.001 -15"><span class='ocrx_word' id='word_1_449' title='bbox 356 2535 491 2582; x_wconf 78' lang='lat' dir='ltr'>etiam</span> <span class='ocrx_word' id='word_1_450' title='bbox 508 2530 787 2579; x_wconf 82' lang='lat' dir='ltr'>ficut‚scoriae</span> <span class='ocrx_word' id='word_1_451' title='bbox 810 2530 998 2588; x_wconf 66' lang='lat' dir='ltr'>rejestae,</span> <span class='ocrx_word' id='word_1_452' title='bbox 1034 2544 1128 2586; x_wconf 80' lang='lat' dir='ltr'>quae</span> <span class='ocrx_word' id='word_1_453' title='bbox 1146 2530 1405 2574; x_wconf 81' lang='lat' dir='ltr'>extrinsecus</span> <span class='ocrx_word' id='word_1_454' title='bbox 1426 2532 1571 2587; x_wconf 83' lang='lat' dir='ltr'>politae</span> <span class='ocrx_word' id='word_1_455' title='bbox 1592 2536 1633 2580; x_wconf 76' lang='grc' dir='ltr'>δι</span> <span class='ocrx_word' id='word_1_456' title='bbox 1659 2534 1835 2591; x_wconf 85' lang='lat' dir='ltr'>pulchre</span> <span class='ocrx_word' id='word_1_457' title='bbox 1854 2535 2060 2579; x_wconf 69' lang='lat' dir='ltr'>coloratae</span> <span class='ocrx_word' id='word_1_458' title='bbox 2091 2546 2172 2592; x_wconf 85' lang='lat' dir='ltr'>pro</span> <span class='ocrx_word' id='word_1_459' title='bbox 2191 2531 2338 2591; x_wconf 63' lang='lat' dir='ltr'>lapidi-&gt;</span> 
     </span>
     <span class='ocr_line' id='line_1_39' title="bbox 355 2583 2339 2647; baseline 0 -13"><span class='ocrx_word' id='word_1_460' title='bbox 355 2589 439 2634; x_wconf 88' lang='lat' dir='ltr'>bus</span> <span class='ocrx_word' id='word_1_461' title='bbox 493 2587 654 2631; x_wconf 83' lang='lat' dir='ltr'>retiofis</span> <span class='ocrx_word' id='word_1_462' title='bbox 673 2585 966 2636; x_wconf 81' lang='lat' dir='ltr'>venditantur,</span> <span class='ocrx_word' id='word_1_463' title='bbox 999 2585 1132 2647; x_wconf 74' lang='lat' dir='ltr'>verbo</span> <span class='ocrx_word' id='word_1_464' title='bbox 1152 2583 1246 2631; x_wconf 86' lang='lat' dir='ltr'>sunt</span> <span class='ocrx_word' id='word_1_465' title='bbox 1263 2584 1371 2631; x_wconf 84' lang='lat' dir='ltr'>ficut</span> <span class='ocrx_word' id='word_1_466' title='bbox 1392 2598 1476 2630; x_wconf 84' lang='lat' dir='ltr'>ova</span> <span class='ocrx_word' id='word_1_467' title='bbox 1499 2588 1700 2643; x_wconf 84' lang='lat' dir='ltr'>bubonis,</span> <span class='ocrx_word' id='word_1_468' title='bbox 1744 2591 1797 2634; x_wconf 90' lang='lat' dir='ltr'>de</span> <span class='ocrx_word' id='word_1_469' title='bbox 1818 2590 1970 2646; x_wconf 85' lang='lat' dir='ltr'>quibus</span> <span class='ocrx_word' id='word_1_470' title='bbox 2000 2590 2211 2633; x_wconf 86' lang='lat' dir='ltr'>inducitur</span> <span class='ocrx_word' id='word_1_471' title='bbox 2236 2587 2339 2634; x_wconf 68' lang='lat' dir='ltr'>fidet</span> 
     </span>
     <span class='ocr_line' id='line_1_40' title="bbox 359 2601 2337 2701; baseline -0.001 -15"><span class='ocrx_word' id='word_1_472' title='bbox 359 2601 579 2701; x_wconf 53' lang='lat' dir='ltr'>quocFfint</span> <span class='ocrx_word' id='word_1_473' title='bbox 612 2654 698 2684; x_wconf 88' lang='lat' dir='ltr'>ova</span> <span class='ocrx_word' id='word_1_474' title='bbox 717 2639 940 2688; x_wconf 73' lang='lat' dir='ltr'>columbae,</span> <span class='ocrx_word' id='word_1_475' title='bbox 987 2640 1113 2688; x_wconf 82' lang='lat' dir='ltr'>&#39;Sciat</span> <span class='ocrx_word' id='word_1_476' title='bbox 1130 2638 1290 2692; x_wconf 75' lang='lat' dir='ltr'>houm,</span> <span class='ocrx_word' id='word_1_477' title='bbox 1322 2642 1436 2696; x_wconf 89' lang='lat' dir='ltr'>quod</span> <span class='ocrx_word' id='word_1_478' title='bbox 1461 2642 1643 2698; x_wconf 87' lang='lat' dir='ltr'>bonum,</span> <span class='ocrx_word' id='word_1_479' title='bbox 1687 2648 1801 2701; x_wconf 90' lang='lat' dir='ltr'>quod</span> <span class='ocrx_word' id='word_1_480' title='bbox 1827 2646 1957 2690; x_wconf 88' lang='lat' dir='ltr'>homo</span> <span class='ocrx_word' id='word_1_481' title='bbox 1985 2644 2092 2688; x_wconf 87' lang='lat' dir='ltr'>facit</span> <span class='ocrx_word' id='word_1_482' title='bbox 2119 2643 2337 2699; x_wconf 81' lang='lat' dir='ltr'>Corpore,</span> 
     </span>
     <span class='ocr_line' id='line_1_41' title="bbox 355 2692 2339 2763; baseline -0.002 -21"><span class='ocrx_word' id='word_1_483' title='bbox 355 2699 564 2756; x_wconf 86' lang='lat' dir='ltr'>procedat</span> <span class='ocrx_word' id='word_1_484' title='bbox 583 2711 608 2740; x_wconf 89' lang='lat' dir='ltr'>a</span> <span class='ocrx_word' id='word_1_485' title='bbox 637 2695 785 2756; x_wconf 88' lang='lat' dir='ltr'>spiritu</span> <span class='ocrx_word' id='word_1_486' title='bbox 800 2695 918 2750; x_wconf 83' lang='lat' dir='ltr'>e‘jus,</span> <span class='ocrx_word' id='word_1_487' title='bbox 951 2692 1021 2754; x_wconf 83' lang='lat' dir='ltr'>seu</span> <span class='ocrx_word' id='word_1_488' title='bbox 1040 2707 1095 2740; x_wconf 80' lang='lat' dir='ltr'>ex</span> <span class='ocrx_word' id='word_1_489' title='bbox 1113 2694 1284 2753; x_wconf 72' lang='lat' dir='ltr'>Inter-no</span> <span class='ocrx_word' id='word_1_490' title='bbox 1300 2695 1491 2757; x_wconf 75' lang='lat' dir='ltr'>homine,</span> <span class='ocrx_word' id='word_1_491' title='bbox 1523 2700 1714 2744; x_wconf 89' lang='lat' dir='ltr'>Internus</span> <span class='ocrx_word' id='word_1_492' title='bbox 1732 2702 1862 2753; x_wconf 85' lang='lat' dir='ltr'>hoino</span> <span class='ocrx_word' id='word_1_493' title='bbox 1883 2700 1943 2744; x_wconf 86' lang='lat' dir='ltr'>est</span> <span class='ocrx_word' id='word_1_494' title='bbox 1968 2698 2137 2754; x_wconf 89' lang='lat' dir='ltr'>spiritus</span> <span class='ocrx_word' id='word_1_495' title='bbox 2151 2699 2241 2763; x_wconf 73' lang='lat' dir='ltr'>eJus</span> <span class='ocrx_word' id='word_1_496' title='bbox 2265 2697 2339 2753; x_wconf 92' lang='lat' dir='ltr'>qui</span> 
     </span>
     <span class='ocr_line' id='line_1_42' title="bbox 355 2748 2335 2814; baseline -0.001 -18"><span class='ocrx_word' id='word_1_497' title='bbox 355 2754 469 2797; x_wconf 78' lang='lat' dir='ltr'>vivit</span> <span class='ocrx_word' id='word_1_498' title='bbox 488 2751 581 2810; x_wconf 77' lang='lat' dir='ltr'>p&#39;ost</span> <span class='ocrx_word' id='word_1_499' title='bbox 599 2758 781 2796; x_wconf 80' lang='lat' dir='ltr'>mor-tem</span> <span class='ocrx_word' id='word_1_500' title='bbox 793 2781 809 2803; x_wconf 93' lang='lat'>,</span> <span class='ocrx_word' id='word_1_501' title='bbox 840 2757 968 2806; x_wconf 66' lang='lat' dir='ltr'>quare</span> <span class='ocrx_word' id='word_1_502' title='bbox 986 2748 1086 2796; x_wconf 80' lang='lat' dir='ltr'>dum</span> <span class='ocrx_word' id='word_1_503' title='bbox 1106 2748 1236 2813; x_wconf 59' lang='lat' dir='ltr'>lyomo</span> <span class='ocrx_word' id='word_1_504' title='bbox 1254 2750 1388 2814; x_wconf 56' lang='lat' dir='ltr'>rejicit</span> <span class='ocrx_word' id='word_1_505' title='bbox 1412 2766 1566 2808; x_wconf 90' lang='lat' dir='ltr'>corpus</span> <span class='ocrx_word' id='word_1_506' title='bbox 1581 2787 1594 2807; x_wconf 86' lang='lat'>,</span> <span class='ocrx_word' id='word_1_507' title='bbox 1626 2757 1738 2812; x_wconf 91' lang='lat' dir='ltr'>quod</span> <span class='ocrx_word' id='word_1_508' title='bbox 1756 2756 1865 2800; x_wconf 88' lang='lat' dir='ltr'>fecit</span> <span class='ocrx_word' id='word_1_509' title='bbox 1886 2753 2118 2798; x_wconf 80' lang='lat' dir='ltr'>Externum</span> <span class='ocrx_word' id='word_1_510' title='bbox 2144 2765 2230 2807; x_wconf 71' lang='lat' dir='ltr'>ejus</span> <span class='ocrx_word' id='word_1_511' title='bbox 2261 2753 2335 2796; x_wconf 86' lang='lat' dir='ltr'>ho-</span> 
     </span>
     <span class='ocr_line' id='line_1_43' title="bbox 354 2803 2334 2865; baseline -0.001 -12"><span class='ocrx_word' id='word_1_512' title='bbox 354 2809 538 2860; x_wconf 84' lang='lat' dir='ltr'>minem,</span> <span class='ocrx_word' id='word_1_513' title='bbox 572 2808 673 2852; x_wconf 84' lang='lat' dir='ltr'>tunc</span> <span class='ocrx_word' id='word_1_514' title='bbox 697 2815 814 2865; x_wconf 86' lang='lat' dir='ltr'>totus</span> <span class='ocrx_word' id='word_1_515' title='bbox 838 2814 1017 2861; x_wconf 84' lang='lat' dir='ltr'>quantus</span> <span class='ocrx_word' id='word_1_516' title='bbox 1039 2803 1097 2848; x_wconf 83' lang='lat' dir='ltr'>est</span> <span class='ocrx_word' id='word_1_517' title='bbox 1114 2803 1320 2859; x_wconf 71' lang='lat' dir='ltr'>inmane,</span> <span class='ocrx_word' id='word_1_518' title='bbox 1338 2807 1394 2862; x_wconf 41' lang='lat' dir='ltr'>s&amp;</span> <span class='ocrx_word' id='word_1_519' title='bbox 1413 2808 1452 2850; x_wconf 93' lang='lat' dir='ltr'>in</span> <span class='ocrx_word' id='word_1_520' title='bbox 1472 2808 1534 2852; x_wconf 88' lang='lat' dir='ltr'>his</span> <span class='ocrx_word' id='word_1_521' title='bbox 1559 2809 1602 2852; x_wconf 89' lang='lat' dir='ltr'>se</span> <span class='ocrx_word' id='word_1_522' title='bbox 1615 2811 1844 2865; x_wconf 76' lang='lat' dir='ltr'>Jucundat,</span> <span class='ocrx_word' id='word_1_523' title='bbox 1869 2810 1910 2854; x_wconf 67' lang='grc' dir='ltr'>ὃς</span> <span class='ocrx_word' id='word_1_524' title='bbox 1932 2807 2150 2852; x_wconf 87' lang='lat' dir='ltr'>aversatur</span> <span class='ocrx_word' id='word_1_525' title='bbox 2173 2809 2334 2852; x_wconf 85' lang='lat' dir='ltr'>bonum</span> 
     </span>
     <span class='ocr_line' id='line_1_44' title="bbox 348 2859 2334 2921; baseline -0.001 -14"><span class='ocrx_word' id='word_1_526' title='bbox 348 2864 461 2910; x_wconf 86' lang='lat' dir='ltr'>ficut</span> <span class='ocrx_word' id='word_1_527' title='bbox 489 2861 685 2921; x_wconf 88' lang='lat' dir='ltr'>infestum</span> <span class='ocrx_word' id='word_1_528' title='bbox 706 2862 808 2911; x_wconf 85' lang='lat' dir='ltr'>vitae</span> <span class='ocrx_word' id='word_1_529' title='bbox 826 2859 922 2904; x_wconf 79' lang='lat' dir='ltr'>suoe.</span> <span class='ocrx_word' id='word_1_530' title='bbox 980 2859 1264 2920; x_wconf 66' lang='lat' dir='ltr'>Quo&#39;d‘homo</span> <span class='ocrx_word' id='word_1_531' title='bbox 1287 2872 1368 2909; x_wconf 81' lang='lat' dir='ltr'>non</span> <span class='ocrx_word' id='word_1_532' title='bbox 1392 2863 1514 2916; x_wconf 87' lang='lat' dir='ltr'>poffit</span> <span class='ocrx_word' id='word_1_533' title='bbox 1535 2863 1680 2909; x_wconf 88' lang='lat' dir='ltr'>facere</span> <span class='ocrx_word' id='word_1_534' title='bbox 1697 2865 1850 2908; x_wconf 88' lang='lat' dir='ltr'>bonum</span> <span class='ocrx_word' id='word_1_535' title='bbox 1866 2895 1879 2917; x_wconf 89' lang='lat'>‚</span> <span class='ocrx_word' id='word_1_536' title='bbox 1911 2863 2024 2920; x_wconf 80' lang='lat' dir='ltr'>quod</span> <span class='ocrx_word' id='word_1_537' title='bbox 2043 2863 2083 2906; x_wconf 90' lang='lat' dir='ltr'>in</span> <span class='ocrx_word' id='word_1_538' title='bbox 2109 2862 2155 2914; x_wconf 28' lang='lat' dir='ltr'>se·</span> <span class='ocrx_word' id='word_1_539' title='bbox 2172 2863 2334 2909; x_wconf 83' lang='lat' dir='ltr'>bonum</span> 
     </span>
     <span class='ocr_line' id='line_1_45' title="bbox 352 2915 2338 2974; baseline 0 -13"><span class='ocrx_word' id='word_1_540' title='bbox 352 2919 440 2970; x_wconf 90' lang='lat' dir='ltr'>est,</span> <span class='ocrx_word' id='word_1_541' title='bbox 471 2917 712 2974; x_wconf 82' lang='lat' dir='ltr'>priusquam</span> <span class='ocrx_word' id='word_1_542' title='bbox 744 2921 959 2962; x_wconf 81' lang='lat' dir='ltr'>&#39;remotum</span> <span class='ocrx_word' id='word_1_543' title='bbox 980 2916 1040 2960; x_wconf 90' lang='lat' dir='ltr'>est</span> <span class='ocrx_word' id='word_1_544' title='bbox 1061 2915 1246 2967; x_wconf 83' lang='lat' dir='ltr'>malum,</span> <span class='ocrx_word' id='word_1_545' title='bbox 1278 2916 1414 2958; x_wconf 55' lang='lat' dir='ltr'>‘docet</span> <span class='ocrx_word' id='word_1_546' title='bbox 1445 2917 1664 2961; x_wconf 87' lang='lat' dir='ltr'>Dominus</span> <span class='ocrx_word' id='word_1_547' title='bbox 1696 2920 1839 2974; x_wconf 85' lang='lat' dir='ltr'>multis</span> <span class='ocrx_word' id='word_1_548' title='bbox 1866 2920 1902 2962; x_wconf 87' lang='lat' dir='ltr'>in</span> <span class='ocrx_word' id='word_1_549' title='bbox 1939 2919 2072 2972; x_wconf 86' lang='lat' dir='ltr'>locis,</span> <span class='ocrx_word' id='word_1_550' title='bbox 2103 2917 2338 2972; x_wconf 64' lang='lat' dir='ltr'>Non..GQll²&#39;⁶</span> 
     </span>
    </p>

    <p class='ocr_par' dir='ltr' id='par_1_5' title="bbox 339 2969 2339 3234">
     <span class='ocr_line' id='line_1_46' title="bbox 379 2969 2337 3030; baseline -0.001 -13"><span class='ocrx_word' id='word_1_551' title='bbox 379 2981 450 3017; x_wconf 82' lang='lat' dir='ltr'>unt</span> <span class='ocrx_word' id='word_1_552' title='bbox 468 2972 654 3027; x_wconf 78' lang='lat' dir='ltr'>despinir</span> <span class='ocrx_word' id='word_1_553' title='bbox 678 2986 800 3017; x_wconf 83' lang='lat' dir='ltr'>uvam</span> <span class='ocrx_word' id='word_1_554' title='bbox 814 3003 827 3025; x_wconf 92' lang='lat'>‚</span> <span class='ocrx_word' id='word_1_555' title='bbox 856 2980 930 3016; x_wconf 80' lang='lat' dir='ltr'>aut</span> <span class='ocrx_word' id='word_1_556' title='bbox 949 2974 996 3026; x_wconf 76' lang='lat' dir='ltr'>de,</span> <span class='ocrx_word' id='word_1_557' title='bbox 1017 2969 1316 3024; x_wconf 68' lang='lat' dir='ltr'>tribulis-ficus,</span> <span class='ocrx_word' id='word_1_558' title='bbox 1342 2975 1478 3026; x_wconf 70' lang='lat' dir='ltr'>putri-s</span> <span class='ocrx_word' id='word_1_559' title='bbox 1502 2976 1617 3019; x_wconf 84' lang='lat' dir='ltr'>arbor</span> <span class='ocrx_word' id='word_1_560' title='bbox 1642 2987 1717 3017; x_wconf 83' lang='lat' dir='ltr'>non</span> <span class='ocrx_word' id='word_1_561' title='bbox 1733 2974 1856 3030; x_wconf 78' lang='lat' dir='ltr'>potest</span> <span class='ocrx_word' id='word_1_562' title='bbox 1883 2973 2040 3024; x_wconf 61' lang='lat' dir='ltr'>fruetus</span> <span class='ocrx_word' id='word_1_563' title='bbox 2061 2976 2171 3020; x_wconf 82' lang='lat' dir='ltr'>bonos</span> <span class='ocrx_word' id='word_1_564' title='bbox 2177 2974 2337 3029; x_wconf 58' lang='lat' dir='ltr'>facere&gt;</span> 
     </span>
     <span class='ocr_line' id='line_1_47' title="bbox 343 2986 2339 3086; baseline 0 -14"><span class='ocrx_word' id='word_1_565' title='bbox 343 2986 508 3072; x_wconf 52' lang='lat' dir='ltr'>fidatth.</span> <span class='ocrx_word' id='word_1_566' title='bbox 531 3026 625 3072; x_wconf 91' lang='lat' dir='ltr'>VII:</span> <span class='ocrx_word' id='word_1_567' title='bbox 659 3031 722 3070; x_wconf 91' lang='lat'>16.</span> <span class='ocrx_word' id='word_1_568' title='bbox 753 3039 816 3080; x_wconf 84' lang='lat'>17.</span> <span class='ocrx_word' id='word_1_569' title='bbox 839 3031 906 3071; x_wconf 87' lang='lat'>18.</span> <span class='ocrx_word' id='word_1_570' title='bbox 964 3027 1039 3071; x_wconf 78' lang='lat' dir='ltr'>Vae</span> <span class='ocrx_word' id='word_1_571' title='bbox 1056 3027 1166 3086; x_wconf 65' lang='lat' dir='ltr'>vobis</span> <span class='ocrx_word' id='word_1_572' title='bbox 1187 3025 1332 3072; x_wconf 81' lang='lat' dir='ltr'>Scribae</span> <span class='ocrx_word' id='word_1_573' title='bbox 1359 3026 1408 3074; x_wconf 78' lang='lat'>&amp;²</span> <span class='ocrx_word' id='word_1_574' title='bbox 1451 3029 1641 3083; x_wconf 61' lang='lat' dir='ltr'>Pharisaei</span> <span class='ocrx_word' id='word_1_575' title='bbox 1663 3062 1671 3071; x_wconf 92' lang='lat'><em>.</em></span> <span class='ocrx_word' id='word_1_576' title='bbox 1714 3033 1899 3085; x_wconf 69' lang='lat' dir='ltr'>pnrgaris</span> <span class='ocrx_word' id='word_1_577' title='bbox 1925 3030 2103 3078; x_wconf 74' lang='lat' dir='ltr'>exterius</span> <span class='ocrx_word' id='word_1_578' title='bbox 2126 3021 2268 3084; x_wconf 54' lang='lat' dir='ltr'>poem*</span> <span class='ocrx_word' id='word_1_579' title='bbox 2285 3001 2339 3082; x_wconf 54' lang='grc' dir='ltr'>,ἐξ</span> 
     </span>
     <span class='ocr_line' id='line_1_48' title="bbox 339 3077 2336 3141; baseline 0.001 -16"><span class='ocrx_word' id='word_1_580' title='bbox 339 3084 490 3139; x_wconf 82' lang='lat' dir='ltr'>patinoe</span> <span class='ocrx_word' id='word_1_581' title='bbox 509 3112 522 3133; x_wconf 90' lang='lat'>,</span> <span class='ocrx_word' id='word_1_582' title='bbox 565 3084 753 3127; x_wconf 80' lang='lat' dir='ltr'>interiora</span> <span class='ocrx_word' id='word_1_583' title='bbox 781 3096 874 3126; x_wconf 85' lang='lat' dir='ltr'>vero</span> <span class='ocrx_word' id='word_1_584' title='bbox 883 3082 1120 3138; x_wconf 78' lang='lat' dir='ltr'>sunt-plena</span> <span class='ocrx_word' id='word_1_585' title='bbox 1141 3081 1290 3134; x_wconf 79' lang='lat' dir='ltr'>rapina</span> <span class='ocrx_word' id='word_1_586' title='bbox 1305 3080 1352 3139; x_wconf 50' lang='grc' dir='ltr'>ξφ</span> <span class='ocrx_word' id='word_1_587' title='bbox 1372 3084 1677 3137; x_wconf 70' lang='lat' dir='ltr'>intemperantia</span> <span class='ocrx_word' id='word_1_588' title='bbox 1696 3100 1707 3126; x_wconf 83' lang='lat'>.·</span> <span class='ocrx_word' id='word_1_589' title='bbox 1736 3083 1937 3141; x_wconf 81' lang='lat' dir='ltr'>Pharisaee</span> <span class='ocrx_word' id='word_1_590' title='bbox 1953 3096 2045 3128; x_wconf 83' lang='lat' dir='ltr'>caece</span> <span class='ocrx_word' id='word_1_591' title='bbox 2059 3115 2071 3135; x_wconf 94' lang='lat'>,</span> <span class='ocrx_word' id='word_1_592' title='bbox 2080 3093 2219 3141; x_wconf 82' lang='lat' dir='ltr'>purga·</span> <span class='ocrx_word' id='word_1_593' title='bbox 2249 3077 2336 3127; x_wconf 71' lang='lat' dir='ltr'>rim·</span> 
     </span>
     <span class='ocr_line' id='line_1_49' title="bbox 340 3131 2335 3234; baseline -0.002 -53"><span class='ocrx_word' id='word_1_594' title='bbox 340 3138 513 3184; x_wconf 79' lang='lat' dir='ltr'>interius</span> <span class='ocrx_word' id='word_1_595' title='bbox 529 3139 665 3194; x_wconf 79' lang='lat' dir='ltr'>poculi</span> <span class='ocrx_word' id='word_1_596' title='bbox 686 3135 922 3193; x_wconf 54' lang='lat' dir='ltr'>&amp;patiam</span> <span class='ocrx_word' id='word_1_597' title='bbox 952 3133 1091 3193; x_wconf 80' lang='lat' dir='ltr'>utfiat</span> <span class='ocrx_word' id='word_1_598' title='bbox 1108 3136 1232 3182; x_wconf 77' lang='lat' dir='ltr'>etiam</span> <span class='ocrx_word' id='word_1_599' title='bbox 1257 3138 1435 3183; x_wconf 79' lang='lat' dir='ltr'>exterius</span> <span class='ocrx_word' id='word_1_600' title='bbox 1463 3140 1678 3194; x_wconf 81' lang='lat' dir='ltr'>mundum,</span> <span class='ocrx_word' id='word_1_601' title='bbox 1711 3138 1870 3186; x_wconf 76' lang='lat' dir='ltr'>Matth.</span> <span class='ocrx_word' id='word_1_602' title='bbox 1890 3137 2059 3186; x_wconf 84' lang='lat' dir='ltr'>XXIII:</span> <span class='ocrx_word' id='word_1_603' title='bbox 2082 3149 2150 3195; x_wconf 81' lang='lat'>25:</span> <span class='ocrx_word' id='word_1_604' title='bbox 2177 3150 2201 3180; x_wconf 89' lang='lat'>2</span> <span class='ocrx_word' id='word_1_605' title='bbox 2234 3167 2245 3179; x_wconf 88' lang='lat'><strong>.</strong></span> <span class='ocrx_word' id='word_1_606' title='bbox 2277 3131 2335 3234; x_wconf 54' lang='lat' dir='ltr'>Eg</span> 
     </span>
    </p>

    <p class='ocr_par' dir='ltr' id='par_1_6' title="bbox 1331 3199 2369 3246">
     <span class='ocr_line' id='line_1_50' title="bbox 1331 3199 2369 3246; baseline 0.003 -40"><span class='ocrx_word' id='word_1_607' title='bbox 1331 3203 1335 3206; x_wconf 83' lang='grc'><em>.</em></span> <span class='ocrx_word' id='word_1_608' title='bbox 1522 3214 1526 3219; x_wconf 47' lang='grc'><em>,</em></span> <span class='ocrx_word' id='word_1_609' title='bbox 1609 3205 1684 3219; x_wconf 32' lang='grc'>,,</span> <span class='ocrx_word' id='word_1_610' title='bbox 1813 3215 1816 3218; x_wconf 43' lang='grc'>,</span> <span class='ocrx_word' id='word_1_611' title='bbox 2060 3199 2369 3246; x_wconf 55' lang='grc' dir='ltr'>ψη,</span> 
     </span>
    </p>
   </div>
  </div>
 </body>
</html>
