2658 3698
474 261 698 336 Novl
745 260 988 328 cAELl
1036 259 1160 320 ET
1206 260 1487 321 NOVAE
1528 259 2026 321 ECCLESIAE.
2154 269 2264 355 ,283

224 417 233 422 -
277 396 444 442 rentum
475 390 721 437 osculantur
746 389 788 434 ὅτ,
830 389 1005 447 palpant
1050 389 1178 441 illos,
1210 397 1256 430 at
1288 400 1393 431 vero
1415 398 1464 431 ut
1491 389 1674 453 primum
1710 402 1794 434 non
1821 390 2001 436 delicate
2025 390 2270 439 nutriuntur

204 497 217 503 ,
278 452 323 496 δι
367 446 417 491 ad
453 456 622 491 omnem
656 454 810 488 nutum
844 453 1197 496 remunerantur,
1227 439 1412 486 infantes
1443 444 1663 498 rejiciunt,
1695 445 1856 489 duriter
1885 445 2068 490 traCtant
2100 448 2142 492 &
2173 460 2270 491 ver·

276 504 453 554 beraut,
484 499 670 544 ridentes
708 498 758 542 ad
779 499 906 544 ssetus
925 497 1107 542 illorum.
1164 497 1270 541 Sunt
1290 497 1418 541 etiam
1448 498 1661 556 sicut‘qui
1695 498 1885 555 speftant
1914 499 2099 546 Patriam
2130 513 2184 545 ex
2222 517 2263 547 a·

275 570 398 604 more
416 555 476 600 sui
492 557 544 601 ἃ
561 554 730 607 mundi,
762 556 803 599 δι
824 552 971 597 dicunt
991 551 1035 596 se
1060 552 1173 596 velle
1191 553 1301 597 bona
1319 552 1393 596 sua
1413 553 1611 602 &Tvitam
1636 553 1749 599 suam
1809 568 1858 599 ro
1884 555 1956 599 illa
1989 556 2256 612 impendere,

278 614 321 659 &
351 622 492 656 tamen
522 610 553 655 fi
580 621 664 654 non
686 618 899 665 aucupant
916 607 1098 652 honores
1126 610 1167 652 &
1187 620 1290 665 opes
1318 618 1366 651 ut
1395 606 1595 663 praemia,
1626 609 1736 654 male
1795 624 1818 653 e
1844 611 1916 655 illa
1940 611 2195 668 loquuntur,
2219 613 2262 658 δε

247 668 514 724 {djungunt
553 665 597 708 se
624 664 811 710 hostibus
830 665 942 719 eJus:
972 661 1070 706 sunt
1091 675 1261 720 quoque
1278 662 1386 707 ficut
1408 662 1624 716 Pastor-es,
1686 664 1725 707 ui
1751 662 1885 710 solum
1909 676 2085 722 propter
2103 679 2264 711 merce-

276 724 373 767 dem
393 719 572 778 pascunt
590 731 722 772 oves,
785 730 879 763 uam
905 717 936 764 fi
960 730 1042 762 non
1070 716 1148 760 suo
1187 728 1380 773 tempore
1410 717 1647 777 recipiunt,
1710 719 1944 772 aculovsuo
1976 735 2001 764 a
2029 719 2190 785 pascuo
2218 723 2261 767 in

186 804 197 813 ·
271 776 484 822 desertum
514 775 580 818 abi
609 785 720 818 unt:
792 773 910 818 miles
941 772 1003 817 his
1037 770 1133 818 sunt
1161 773 1440 826 Sacerdotes,
1481 772 1553 830 qui
1596 770 1658 816 sui
1699 774 1910 818 ministerii
1949 776 2089 819 debita
2129 775 2266 823 solum

276 833 455 890 propter
477 843 555 874 cen
579 842 631 873 us
657 828 741 871 illis
768 829 961 888 addictos
1014 827 1208 881 raestant3
1240 827 1354 887 quod
1380 828 1423 872 hi
1447 826 1576 871 flocci
1597 828 1782 884 pendant
1800 828 1979 887 salutem
2002 831 2261 885 animarum,

272 888 428 946 quibus
458 894 507 928 ut
533 883 727 927 ductores
749 882 940 947 praefesti
987 891 1062 927 unt
1078 913 1092 936 ‚
1114 893 1249 947 patet.
1279 881 1422 928 Simile
1444 881 1504 926 est
1529 894 1628 946 cum
1648 882 1926 946 Magistratus
1950 884 2162 940 personis,
2194 888 2266 944 qui
2304 923 2309 929 t

274 943 407 991 modo
429 939 620 997 speftant
640 938 693 981 ad
717 938 967 994 d1gnitatem
987 936 1218 983 funfflonis
1240 938 1326 983 suae
1348 939 1388 983 ὅτ
1410 937 1462 980 ad
1489 935 1648 980 reditus
1665 967 1680 990 ,
1710 937 1753 979 h1
1774 939 1875 982 dum
1896 938 2056 982 bonum
2073 939 2262 993 faciunt,

273 1009 360 1042 non
380 994 440 1039 est
455 993 812 1051 propter-bonum
829 993 1076 1050 publicum,
1104 990 1176 1036 sed
1195 1001 1375 1050 propter
1392 991 1627 1046 jucundum
1647 993 1801 1035 amoris
1821 991 1883 1034 sui
1902 994 1943 1038 δι
1961 995 2129 1047 mundi,
2152 992 2266 1054 quod

218 1081 220 1083 >
272 1052 335 1096 illi
365 1059 414 1093 ut
450 1048 626 1092 unicum
669 1047 829 1092 bonum
858 1045 1066 1102 respirant
1093 1061 1105 1090 τ
1144 1049 1279 1104 parile
1307 1048 1367 1093 est
1405 1059 1512 1102 cum·
1533 1047 1705 1105 reliquis
1737 1060 1752 1099 ;
1792 1046 1887 1091 finis
1934 1049 2063 1108 enim·
2092 1060 2268 1106 propter

272 1115 429 1163 quem',
462 1114 586 1147 omne
607 1103 812 1159 punctum
847 1100 961 1154 fert,
995 1101 1038 1146 &
1070 1101 1207 1147 causae
1241 1103 1389 1147 mediae
1408 1133 1422 1156 ‚
1455 1115 1550 1159 quae
1583 1100 1679 1146 sunt
1707 1099 1960 1157 functionis,
1988 1103 2023 1148 'fi
2056 1116 2141 1147 non
2171 1117 2270 1160 pro-

272 1166 452 1206 inovent
477 1159 630 1211 finem,
659 1156 964 1202 renuntiantur.
1019 1154 1166 1199 Simile
1187 1156 1246 1202 est
1271 1170 1371 1202 cum
1392 1155 1499 1210 illis,
1530 1157 1602 1214 qui
1627 1156 1867 1202 mercedem
1888 1172 1941 1202 ex
1961 1160 2115 1202 merito
2136 1159 2184 1203 -in
2207 1171 2270 1202 re-

273 1217 354 1271 bus
377 1211 523 1258 salutis
548 1211 756 1270 poscunt,
786 1211 828 1255 hi
909 1210 942 1256 st
971 1218 1158 1255 mortem
1181 1224 1336 1268 magno
1354 1212 1495 1256 animo
1514 1211 1730 1267 postulant
1749 1212 1916 1258 Caelum
1929 1245 1944 1267 ,
1976 1223 2021 1256 at
2038 1214 2264 1272 postquam
2285 1231 2289 1236 ’

272 1267 594 1321 ἰανεῐιῑείΐυῃε,
627 1267 741 1326 quod
759 1265 843 1310 nihi
888 1265 1044 1311 amoris
1068 1266 1111 1308 in
1132 1265 1303 1320 Deum,
1335 1267 1377 1311 δε
1397 1265 1500 1310 nihil
1533 1267 1688 1310 amoris
1719 1279 1820 1323 erga
1853 1269 2096 1323 proximum
2138 1270 2267 1326 poffiss

188 1342 198 1352 ·’
273 1326 427 1377 deant,
466 1323 744 1368 remittuntur
770 1321 822 1366 ad
859 1321 956 1366 illos
980 1318 1051 1378 qui
1074 1319 1128 1363 de
1147 1320 1367 1366 Charitate
1390 1323 1432 1370 <Sc
1451 1319 1558 1374 ‚Fide
1579 1320 1678 1364 illos
1695 1320 1920 1375 instruant,
1953 1336 2135 1379 quorum
2165 1324 2269 1367 doc-

280 1379 449 1425 trinalia
480 1378 513 1424 fi
538 1377 785 1434 repudiant,
816 1377 1066 1434 ablegantur
1102 1375 1154 1419 ad
1186 1375 1364 1431 similes,
1396 1377 1507 1420 inter
1533 1388 1641 1432 quos
1675 1376 1803 1433 aliqui
1830 1375 1926 1420 sunt
1943 1409 1956 1429 ‚
1984 1378 2055 1433 qui
2075 1377 2269 1432 ⁸irascun-

277 1444 352 1478 tur
378 1434 506 1487 Dee,
538 1433 636 1490 quia
655 1445 741 1477 non
765 1440 992 1488 reportant
1012 1429 1210 1485 praemia,
1242 1433 1284 1477 ἃ.
1307 1431 1451 1476 Fidem
1474 1439 1635 1473 vocant
1654 1444 1728 1475 ens
1751 1432 1938 1476 rationis.
1976 1435 2082 1477 Sunt
2111 1433 2173 1475 illi
2201 1436 2274 1489 qui

196 1497 220 1520 -’
276 1491 321 1535 in
350 1487 496 1533 Verbo
521 1487 814 1545 intelliguntur
841 1498 919 1543 per
948 1483 1269 1539 Mercenarios,
1301 1487 1453 1543 quibus
1483 1484 1644 1529 addicta
1682 1486 1777 1530 sunt
1806 1485 1981 1531 servitia
2005 1488 2161 1532 infimae
2189 1488 2276 1531 sor-

193 1582 197 1586 .
281 1545 338 1590 tis
357 1545 399 1588 in
425 1543 560 1588 Atriis
578 1542 776 1598 Templi:
806 1549 1009 1598 apparent
1023 1545 1052 1600 ‘e
1080 1540 1150 1584 lon
1184 1540 1312 1604 ‘nquo
1331 1541 1441 1586 ficut
1467 1539 1672 1584 findentes
1697 1541 1820 1597 ligna.
1882 1559 1888 1565 -

195 1603 202 1617 ’·
223 1605 237 1625 -“
334 1603 438 1655 442.
467 1598 608 1641 Probe
630 1595 845 1641 sciendum
869 1596 951 1648 est,
979 1594 1103 1657 ‘quod
1129 1553 1327 1639 (ffiantas
1356 1597 1398 1640 ὅ(
1421 1593 1542 1638 Fides
1573 1595 1616 1638 in
1637 1595 1872 1641 Dominum
1900 1598 2014 1640 arFte
2044 1599 2278 1652 conjunc‘tae

277 1656 384 1707 fint,
413 1652 508 1696 inde
526 1651 661 1709 qualis
685 1650 746 1696 est
763 1649 886 1693 Fides
914 1649 1010 1692 talis
1034 1649 1094 1693 est
1116 1649 1327 1707 Charitas.
1359 1649 1477 1712 Quod
1501 1649 1726 1702 Dominus,
1752 1652 1944 1695 Charitas
1963 1653 2140 1701 &Fides
2156 1668 2280 1697 unum

282 1710 465 1760 faciant,
479 1707 600 1763 ficut
621 1709 716 1751 vita
732 1738 747 1761 ,
775 1706 962 1749 voluntas
992 1703 1044 1752 δ’
1059 1704 1283 1756 ἰητεῑὶεᾶω
1297 1736 1311 1758 ,
1334 1705 1385 1754 &²
1410 1703 1565 1761 quodsi
1588 1706 1829 1749 dividuntur
1842 1737 1857 1759 ,
1892 1710 2182 1764 unumquodvis
2211 1716 2281 1763 pe-

277 1772 368 1820 reat
380 1761 511 1817 ,ficut
528 1763 621 1806 unio
630 1761 780 1859 ιζίἰαῖία
792 1762 836 1802 in
841 1757 1253 1815 pollinem,videatur
1270 1757 1396 1815 supra
1412 1771 1451 1802 n:
1491 1763 1547 1801 62
1566 1757 1655 1816 seq·
1669 1758 1728 1802 Et
1742 1762 1840 1817 quod
1858 1761 2046 1804 Charitas
2056 1761 2222 1809 &Fides
2221 1761 2278 1814 si-

279 1818 382 1866 mulf
424 1826 473 1861 nt
500 1819 547 1862 in
578 1815 705 1873 Operi
757 1829 778 1859 5
806 1814 947 1867 bonis,
973 1824 1015 1856 n:
1040 1827 1068 1872 3
1099 1827 1127 1872 3
1157 1812 1207 1856 rd
1225 1825 1325 1869 377.
1347 1813 1442 1857 inde
1482 1814 1679 1869 equitur,
1699 1814 1813 1870 quod
1837 1814 1971 1871 qualis
1993 1814 2052 1859 est
2065 1815 2188 1859 Fides
2218 1826 2277 1857 ta-

280 1872 334 1917 lis
394 1881 411 1914 t
429 1871 651 1925 Charitas,
683 1872 725 1916 &
746 1869 861 1927 quod
883 1868 1020 1925 qualis
1043 1824 1104 1913 eft
1130 1868 1254 1912 Fides
1276 1871 1319 1915 δε
1341 1869 1536 1913 Charitas
1560 1868 1705 1921 fimul,
1736 1869 1834 1914 talia
1864 1869 1942 1913 fint
1972 1882 2129 1926 opera3
2160 1882 2274 1914 nunc

282 1927 316 1975 ss
334 1925 437 1973 fides
461 1925 547 1978 est,
578 1924 693 1981 quod
711 1935 839 1967 omne
858 1922 1040 1976 bonum,
1063 1923 1178 1980 quod
1197 1923 1330 1967 homo
1363 1922 1472 1967 facit
1503 1923 1611 1968 ficut
1641 1935 1696 1965 ex
1729 1923 1796 1975 se,
1830 1924 1882 1969 fit
1906 1938 1930 1967 a
1961 1926 2152 1969 Domino
2169 1957 2183 1978 ,
2215 1925 2275 1968 est

283 1981 416 2026 homo
450 1990 554 2023 tunc
592 1977 719 2022 causa
750 1977 1075 2022 instrumentalis
1108 1978 1227 2033 eiuS‚
1263 1979 1304 2022 ὅ(
1329 1977 1544 2022 Dominus
1576 1977 1702 2022 causa
1739 1978 2012 2035 principalis,
2055 1994 2149 2036 quae
2183 1981 2279 2023 duae

284 2033 424 2080 causae
446 2042 651 2090 apparent
668 2044 813 2076 coram
834 2030 1004 2076 homine
1024 2042 1123 2076 una·
1165 2044 1266 2077 cum
1288 2042 1427 2077 tamen
1455 2031 1580 2076 causa
1599 2032 1846 2089 principalis
1879 2034 1938 2078 est
1971 2047 2096 2079 omne
2123 2036 2163 2078 in
2190 2048 2280 2078 om-

286 2089 408 2135 nibus
437 2086 952 2149 causa-inſtrumentalin
980 2085 1076 2130 inde
1097 2063 1140 2130 sie
1171 2086 1309 2149 uitur,
1344 2088 1457 2143 quod
1483 2088 1515 2132 fi
1543 2089 1672 2131 homo
1702 2088 1860 2142 credit,
1901 2089 2015 2146 quod
2049 2102 2175 2134 omne
2205 2090 2282 2131 bo·

239 2152 243 2155 ’
284 2157 386 2190 num
395 2174 412 2197 ,
474 2143 558 2186 uod
573 2153 617 2185 1n
641 2139 685 2184 se
710 2142 868 2185 bonum
887 2139 978 2191 est,
1008 2141 1061 2185 fit
1081 2153 1108 2184 a
1179 2153 1348 2194 omino,
1373 2154 1458 2185 non
1477 2152 1612 2197 ponat
1636 2142 1834 2187 meritum
1865 2144 1906 2186 in
1926 2144 2147 2199 operibus3
2180 2146 2221 2189 ἀ
2241 2146 2283 2187 in

287 2200 343 2244 co
379 2209 454 2255 gra
483 2209 535 2249 u,
570 2208 656 2258 quo
674 2195 768 2241 haec
788 2194 891 2239 fides
917 2195 1028 2250 apud
1049 2195 1261 2240 hominem
1290 2197 1538 2251 perficitur,
1566 2210 1590 2239 a
1616 2197 1806 2241 Domino
1842 2196 2035 2242 aufertur
2059 2199 2120 2242 illi
2148 2199 2278 2255 phan-

286 2251 387 2300 tafla
405 2251 458 2296 de
487 2251 666 2295 Mento.
725 2249 877 2294 Homo
900 2249 943 2293 in
967 2249 1052 2294 hoc
1081 2250 1192 2295 statu
1210 2251 1416 2295 exercitia
1439 2252 1673 2296 Charitatis
1698 2253 1739 2296 in
1767 2253 2018 2298 abundantia
2052 2252 2207 2310 absque
2228 2254 2278 2296 ti-

284 2317 407 2354 more
435 2306 576 2351 meriti
597 2304 731 2367 facit,
763 2307 806 2351 δι
831 2305 1001 2349 demum
1022 2304 1214 2362 percipit
1227 2306 1462 2362 J’ucundum
1494 2305 1709 2364 spirituale
1728 2307 1959 2366 Charitatis
1975 2340 1990 2361 ‚
2022 2310 2064 2354 &
2099 2318 2201 2352 tunc
2223 2309 2283 2351 in-

286 2362 395 2421 cipit
418 2359 603 2406 aversari
627 2369 827 2404 mentum
854 2368 903 2403 ut
922 2361 1099 2407 noxium
1124 2361 1227 2405 vitae
1248 2360 1346 2406 suae.
1378 2361 1586 2406 Meritum
1611 2375 1636 2405 a
1661 2363 1852 2407 Domino
1875 2362 2005 2405 facile
2032 2363 2281 2419 abstergitur

288 2418 401 2475 apud
431 2416 528 2462 illos
559 2415 632 2475 qui
661 2415 859 2460 imbuunt
888 2415 1156 2460 Charitatem
1184 2427 1261 2471 per
1292 2416 1406 2472 quod
1437 2416 1556 2476 suste
1584 2418 1626 2464 δε
1663 2417 1845 2462 fideliter
1881 2428 2007 2475 agant
2043 2418 2085 2461 in
2119 2430 2278 2474 opere,

284 2474 462 2530 'negotio
485 2474 528 2519 ἃ
551 2471 697 2516 officio
715 2472 759 2515 in
780 2483 867 2527 quo
897 2468 1018 2524 sunt,
1037 2473 1078 2516 &
1092 2484 1192 2517 cum
1213 2471 1363 2527 quibus
1384 2471 1424 2515 in
1455 2471 1599 2528 aliquo
1629 2473 1891 2517 commercio
1911 2473 2030 2526 sunt,
2055 2473 2106 2516 de
2159 2473 2280 2516 uibus

287 2527 414 2584 supra
438 2540 479 2575 n:
512 2540 615 2582 422.
636 2539 740 2590 423:
757 2539 860 2581 424.
892 2525 962 2570 sed
991 2526 1192 2571 meritum
1228 2538 1340 2584 aegre
1378 2525 1570 2570 aufertur
1598 2527 1652 2570 ab
1679 2527 1786 2580 illis,
1818 2529 1888 2585 qui
1921 2529 2096 2572 credunt
2172 2527 2279 2571 hari-

288 2592 426 2629 tatem
466 2595 565 2627 com
597 2593 706 2625 arari
744 2593 822 2636 per
849 2581 1139 2638 eleemosynas
1186 2583 1227 2627 &
1257 2581 1560 2637 opitulationes
1590 2582 1864 2638 indigentium
1881 2615 1894 2636 ,
1933 2596 2029 2629 nam
2082 2583 2123 2627 hi
2178 2583 2279 2627 dum

289 2646 518 2701 operantur
542 2638 558 2681 i
578 2637 659 2738 laa'h
692 2645 833 2689 mente
861 2634 933 2683 sua
965 2636 1150 2695 primum
1176 2645 1346 2695 aperte,
1378 2638 1420 2684 &
1444 2637 1538 2682 dein
1568 2638 1723 2692 tacite,
1755 2638 1994 2684 mercedem
2026 2638 2201 2692 volunt,
2235 2639 2278 2683 δε

291 2701 490 2742 mentum
518 2702 606 2739 attr
660 2700 749 2738 unt.
2081 2727 2085 2730 .

381 2820 536 2911 Quod
569 2825 701 2883 Vita
739 2823 978 2880 Moralis
1016 2823 1136 2881 dum
1159 2824 1327 2895 fimul
1357 2825 1426 2898 est
1465 2824 1782 2901 Spiritualis
1821 2825 1884 2881 sit
1923 2819 2193 2883 Charitas.

293 3023 296 3026 Α
329 2977 457 3029 ,443-
489 2966 636 3015 Omnis
665 2969 792 3015 homo
821 2984 846 3015 a
873 2971 1118 3029 parentibus
1149 2974 1190 3018 ὃς
1219 2972 1424 3028 magistris
1456 2971 1580 3017 discit
1608 2973 1824 3018 moraliter
1853 2970 2031 3024 vivere,
2075 2972 2159 3016 hoc
2190 2970 2279 3023 est,

299 3020 472 3083 civssern
501 3020 719 3076 personam
748 3039 771 3069 a
799 3037 871 3069 ere
897 3030 938 3073 δε
960 3027 1189 3073 honestatis
1218 3028 1362 3074 officia
1389 3028 1610 3082 exhibere,
1644 3042 1739 3082 quae
1770 3026 1812 3070 se
1840 3026 2032 3070 referunt
2056 3026 2106 3070 ad
2139 3027 2277 3069 varias

296 3083 513 3141 virtutes,
550 3075 742 3129 quaesunt
855 3082 995 3134 estatis
1024 3083 1280 3137 effcntialia,
1322 3085 1362 3128 ὅ(
1379 3085 1618 3140 producere
1646 3083 1717 3126 illa
1737 3095 1811 3140 per
1829 3082 2027 3126 formalia
2055 3083 2164 3138 eJ‘us,
2187 3092 2278 3137 quae

300 3139 512 3193 YOCfflJtu‘
539 3130 719 3195 decfn'a»
762 3133 803 3178 &
831 3134 940 3180 ficut
979 3142 1107 3183 aetate'
1147 3137 1423 3196 provehitur,
1475 3138 1746 3194 superaddere
1774 3137 2018 3191 rationalia,
2061 3150 2111 3180 ac
2144 3145 2279 3180 mora·

298 3184 357 3234 ha
383 3194 487 3232 vitae
515 3197 592 3245 per
619 3185 693 3232 illa
720 3187 1079 3257 perficerejnam
1092 3194 1291 3294 morali&
1300 3194 1391 3238 vita
1422 3195 1534 3254 apud
1562 3206 1718 3253 pueros
1739 3192 1882 3253 *usque
1909 3193 1959 3238 ad
1977 3192 2154 3250 primam
2184 3187 2279 3285 afg-

606 3269 612 3273 ·
1183 3268 1189 3272 ·
1232 3259 1236 3262 ⁴
1310 3261 1343 3293 n
1372 3260 1398 3294 2
1968 3275 1971 3277 >
2097 3282 2100 3284 v
2266 3259 2283 3271 ·
