<?xml version="1.0" encoding="UTF-8"?>
<!DOCTYPE html PUBLIC "-//W3C//DTD XHTML 1.0 Transitional//EN"
    "http://www.w3.org/TR/xhtml1/DTD/xhtml1-transitional.dtd">
<html xmlns="http://www.w3.org/1999/xhtml" xml:lang="en" lang="en">
 <head>
  <title>
</title>
<meta http-equiv="Content-Type" content="text/html;charset=utf-8" />
  <meta name='ocr-system' content='tesseract 3.04.00' />
  <meta name='ocr-capabilities' content='ocr_page ocr_carea ocr_par ocr_line ocrx_word'/>
</head>
<body>
  <div class='ocr_page' id='page_1' title='image "./verachristianare00sweduoft_0448.png"; bbox 0 0 2658 3698; ppageno 0'>
   <div class='ocr_carea' id='block_1_1' title="bbox 382 231 2172 318">
    <p class='ocr_par' dir='ltr' id='par_1_1' title="bbox 382 231 2172 318">
     <span class='ocr_line' id='line_1_1' title="bbox 382 231 2172 318; baseline -0.002 -18"><span class='ocrx_word' id='word_1_1' title='bbox 382 242 491 318; x_wconf 69' lang='lat'>444</span> <span class='ocrx_word' id='word_1_2' title='bbox 604 239 1264 300; x_wconf 82' lang='lat' dir='ltr'>UNIVERSA</span> <span class='ocrx_word' id='word_1_3' title='bbox 1337 231 2172 299; x_wconf 65' lang='lat' dir='ltr'>THEoLoG1A‘</span> 
     </span>
    </p>
   </div>
   <div class='ocr_carea' id='block_1_2' title="bbox 282 366 2365 3191">
    <p class='ocr_par' dir='ltr' id='par_1_2' title="bbox 282 366 2365 3191">
     <span class='ocr_line' id='line_1_2' title="bbox 390 366 2357 425; baseline -0.002 -10"><span class='ocrx_word' id='word_1_4' title='bbox 390 370 461 415; x_wconf 90' lang='lat' dir='ltr'>sus</span> <span class='ocrx_word' id='word_1_5' title='bbox 480 369 726 415; x_wconf 86' lang='lat' dir='ltr'>Meridiem:</span> <span class='ocrx_word' id='word_1_6' title='bbox 757 367 924 410; x_wconf 88' lang='lat' dir='ltr'>indutus</span> <span class='ocrx_word' id='word_1_7' title='bbox 951 375 1042 409; x_wconf 91' lang='lat' dir='ltr'>erat</span> <span class='ocrx_word' id='word_1_8' title='bbox 1064 366 1312 425; x_wconf 84' lang='lat' dir='ltr'>chlamyde,</span> <span class='ocrx_word' id='word_1_9' title='bbox 1345 374 1437 424; x_wconf 81' lang='lat' dir='ltr'>quae</span> <span class='ocrx_word' id='word_1_10' title='bbox 1458 380 1512 412; x_wconf 81' lang='lat' dir='ltr'>ex</span> <span class='ocrx_word' id='word_1_11' title='bbox 1535 368 1683 412; x_wconf 88' lang='lat' dir='ltr'>volatu</span> <span class='ocrx_word' id='word_1_12' title='bbox 1706 368 1864 412; x_wconf 87' lang='lat' dir='ltr'>fluebat</span> <span class='ocrx_word' id='word_1_13' title='bbox 1884 367 2142 420; x_wconf 82' lang='lat' dir='ltr'>retrorsum,</span> <span class='ocrx_word' id='word_1_14' title='bbox 2176 368 2216 413; x_wconf 86' lang='lat'>&amp;</span> <span class='ocrx_word' id='word_1_15' title='bbox 2241 366 2357 411; x_wconf 80' lang='lat' dir='ltr'>ciirc-</span> 
     </span>
     <span class='ocr_line' id='line_1_3' title="bbox 396 421 2359 478; baseline -0.003 -9"><span class='ocrx_word' id='word_1_16' title='bbox 396 437 465 469; x_wconf 87' lang='lat' dir='ltr'>tus</span> <span class='ocrx_word' id='word_1_17' title='bbox 485 435 578 467; x_wconf 89' lang='lat' dir='ltr'>erat</span> <span class='ocrx_word' id='word_1_18' title='bbox 600 423 725 466; x_wconf 87' lang='lat' dir='ltr'>fascia</span> <span class='ocrx_word' id='word_1_19' title='bbox 746 434 798 463; x_wconf 80' lang='lat' dir='ltr'>ex</span> <span class='ocrx_word' id='word_1_20' title='bbox 816 421 991 476; x_wconf 83' lang='lat' dir='ltr'>pyropis</span> <span class='ocrx_word' id='word_1_21' title='bbox 1016 422 1056 465; x_wconf 74' lang='grc' dir='ltr'>δε</span> <span class='ocrx_word' id='word_1_22' title='bbox 1086 421 1284 478; x_wconf 84' lang='lat' dir='ltr'>sapphiris</span> <span class='ocrx_word' id='word_1_23' title='bbox 1308 422 1413 466; x_wconf 87' lang='lat' dir='ltr'>ficut</span> <span class='ocrx_word' id='word_1_24' title='bbox 1436 423 1679 468; x_wconf 90' lang='lat' dir='ltr'>flammante</span> <span class='ocrx_word' id='word_1_25' title='bbox 1702 426 1742 468; x_wconf 73' lang='grc' dir='ltr'>δε</span> <span class='ocrx_word' id='word_1_26' title='bbox 1761 424 1955 475; x_wconf 90' lang='lat' dir='ltr'>lucente;</span> <span class='ocrx_word' id='word_1_27' title='bbox 1985 435 2143 478; x_wconf 88' lang='lat' dir='ltr'>pronus</span> <span class='ocrx_word' id='word_1_28' title='bbox 2163 423 2359 476; x_wconf 76' lang='lat' dir='ltr'>volabat,</span> 
     </span>
     <span class='ocr_line' id='line_1_4' title="bbox 282 476 2356 534; baseline -0.001 -11"><span class='ocrx_word' id='word_1_29' title='bbox 282 520 286 523; x_wconf 92' lang='grc'><em>,</em></span> <span class='ocrx_word' id='word_1_30' title='bbox 397 483 438 525; x_wconf 65' lang='grc' dir='ltr'>ἃ</span> <span class='ocrx_word' id='word_1_31' title='bbox 460 479 621 523; x_wconf 79' lang='lat' dir='ltr'>demisit</span> <span class='ocrx_word' id='word_1_32' title='bbox 645 477 686 518; x_wconf 86' lang='lat' dir='ltr'>se</span> <span class='ocrx_word' id='word_1_33' title='bbox 706 476 819 518; x_wconf 89' lang='lat' dir='ltr'>lente</span> <span class='ocrx_word' id='word_1_34' title='bbox 838 476 878 517; x_wconf 92' lang='lat' dir='ltr'>in</span> <span class='ocrx_word' id='word_1_35' title='bbox 905 486 1088 530; x_wconf 87' lang='lat' dir='ltr'>terram,</span> <span class='ocrx_word' id='word_1_36' title='bbox 1121 490 1216 533; x_wconf 81' lang='lat' dir='ltr'>qnae</span> <span class='ocrx_word' id='word_1_37' title='bbox 1240 476 1337 521; x_wconf 91' lang='lat' dir='ltr'>mihi</span> <span class='ocrx_word' id='word_1_38' title='bbox 1357 477 1573 522; x_wconf 91' lang='lat' dir='ltr'>continens</span> <span class='ocrx_word' id='word_1_39' title='bbox 1595 489 1705 522; x_wconf 87' lang='lat' dir='ltr'>erat:</span> <span class='ocrx_word' id='word_1_40' title='bbox 1738 488 1784 521; x_wconf 90' lang='lat' dir='ltr'>ut</span> <span class='ocrx_word' id='word_1_41' title='bbox 1814 479 1956 534; x_wconf 88' lang='lat' dir='ltr'>tetigit</span> <span class='ocrx_word' id='word_1_42' title='bbox 1981 487 2158 530; x_wconf 89' lang='lat' dir='ltr'>terram,</span> <span class='ocrx_word' id='word_1_43' title='bbox 2192 478 2356 521; x_wconf 68' lang='lat' dir='ltr'>ereClus</span> 
     </span>
     <span class='ocr_line' id='line_1_5' title="bbox 336 530 2357 628; baseline -0 -52"><span class='ocrx_word' id='word_1_44' title='bbox 336 552 339 555; x_wconf 93' lang='lat'>·</span> <span class='ocrx_word' id='word_1_45' title='bbox 399 534 524 589; x_wconf 86' lang='lat' dir='ltr'>super</span> <span class='ocrx_word' id='word_1_46' title='bbox 538 532 648 628; x_wconf 44' lang='lat' dir='ltr'>&amp;ede</span> <span class='ocrx_word' id='word_1_47' title='bbox 666 530 782 572; x_wconf 89' lang='lat' dir='ltr'>vadit</span> <span class='ocrx_word' id='word_1_48' title='bbox 808 530 892 572; x_wconf 88' lang='lat' dir='ltr'>huc</span> <span class='ocrx_word' id='word_1_49' title='bbox 922 531 1052 584; x_wconf 88' lang='lat' dir='ltr'>illuc,</span> <span class='ocrx_word' id='word_1_50' title='bbox 1085 533 1125 576; x_wconf 85' lang='lat'>&amp;</span> <span class='ocrx_word' id='word_1_51' title='bbox 1150 540 1252 575; x_wconf 93' lang='lat' dir='ltr'>tunc</span> <span class='ocrx_word' id='word_1_52' title='bbox 1278 545 1346 576; x_wconf 91' lang='lat' dir='ltr'>me</span> <span class='ocrx_word' id='word_1_53' title='bbox 1373 531 1465 576; x_wconf 92' lang='lat' dir='ltr'>viso</span> <span class='ocrx_word' id='word_1_54' title='bbox 1493 534 1646 576; x_wconf 87' lang='lat' dir='ltr'>direxit</span> <span class='ocrx_word' id='word_1_55' title='bbox 1670 533 1848 595; x_wconf 83' lang='lat' dir='ltr'>gressum</span> <span class='ocrx_word' id='word_1_56' title='bbox 1874 533 1924 575; x_wconf 88' lang='lat' dir='ltr'>ad</span> <span class='ocrx_word' id='word_1_57' title='bbox 1951 544 2043 584; x_wconf 89' lang='lat' dir='ltr'>me,</span> <span class='ocrx_word' id='word_1_58' title='bbox 2073 544 2184 576; x_wconf 90' lang='lat' dir='ltr'>eram</span> <span class='ocrx_word' id='word_1_59' title='bbox 2210 532 2253 575; x_wconf 92' lang='lat' dir='ltr'>in</span> <span class='ocrx_word' id='word_1_60' title='bbox 2276 531 2301 574; x_wconf 93' lang='lat' dir='ltr'>s</span> <span class='ocrx_word' id='word_1_61' title='bbox 2325 532 2357 575; x_wconf 93' lang='lat' dir='ltr'>i-</span> 
     </span>
     <span class='ocr_line' id='line_1_6' title="bbox 393 583 2354 644; baseline 0 -14"><span class='ocrx_word' id='word_1_62' title='bbox 393 589 507 641; x_wconf 89' lang='lat' dir='ltr'>ritu,</span> <span class='ocrx_word' id='word_1_63' title='bbox 600 586 639 628; x_wconf 93' lang='lat' dir='ltr'>in</span> <span class='ocrx_word' id='word_1_64' title='bbox 659 585 742 627; x_wconf 88' lang='lat' dir='ltr'>hoc</span> <span class='ocrx_word' id='word_1_65' title='bbox 766 583 922 627; x_wconf 87' lang='lat' dir='ltr'>stabam</span> <span class='ocrx_word' id='word_1_66' title='bbox 942 584 1064 641; x_wconf 90' lang='lat' dir='ltr'>super</span> <span class='ocrx_word' id='word_1_67' title='bbox 1086 585 1202 629; x_wconf 75' lang='lat' dir='ltr'>collev</span> <span class='ocrx_word' id='word_1_68' title='bbox 1218 587 1259 629; x_wconf 92' lang='lat' dir='ltr'>in</span> <span class='ocrx_word' id='word_1_69' title='bbox 1283 587 1410 644; x_wconf 86' lang='lat' dir='ltr'>Plaga</span> <span class='ocrx_word' id='word_1_70' title='bbox 1432 588 1715 638; x_wconf 89' lang='lat' dir='ltr'>meridiona11;</span> <span class='ocrx_word' id='word_1_71' title='bbox 1748 599 1799 628; x_wconf 91' lang='lat' dir='ltr'>ac</span> <span class='ocrx_word' id='word_1_72' title='bbox 1822 599 1920 630; x_wconf 90' lang='lat' dir='ltr'>cum</span> <span class='ocrx_word' id='word_1_73' title='bbox 1944 598 2077 641; x_wconf 87' lang='lat' dir='ltr'>prope</span> <span class='ocrx_word' id='word_1_74' title='bbox 2105 595 2223 639; x_wconf 91' lang='lat' dir='ltr'>erat,</span> <span class='ocrx_word' id='word_1_75' title='bbox 2250 587 2289 629; x_wconf 89' lang='lat' dir='ltr'>al</span> <span class='ocrx_word' id='word_1_76' title='bbox 2307 601 2354 630; x_wconf 94' lang='lat' dir='ltr'>o-</span> 
     </span>
     <span class='ocr_line' id='line_1_7' title="bbox 395 639 2355 698; baseline 0.001 -16"><span class='ocrx_word' id='word_1_77' title='bbox 395 651 550 698; x_wconf 85' lang='lat' dir='ltr'>quutus</span> <span class='ocrx_word' id='word_1_78' title='bbox 584 641 702 682; x_wconf 92' lang='lat' dir='ltr'>illum</span> <span class='ocrx_word' id='word_1_79' title='bbox 732 639 927 695; x_wconf 71' lang='lat' dir='ltr'>quaesivi,</span> <span class='ocrx_word' id='word_1_80' title='bbox 962 639 1062 696; x_wconf 90' lang='lat' dir='ltr'>quid</span> <span class='ocrx_word' id='word_1_81' title='bbox 1096 640 1156 682; x_wconf 91' lang='lat' dir='ltr'>rei</span> <span class='ocrx_word' id='word_1_82' title='bbox 1194 653 1328 693; x_wconf 87' lang='lat' dir='ltr'>nune,</span> <span class='ocrx_word' id='word_1_83' title='bbox 1359 643 1499 686; x_wconf 90' lang='lat' dir='ltr'>audivi</span> <span class='ocrx_word' id='word_1_84' title='bbox 1526 642 1767 696; x_wconf 77' lang='lat' dir='ltr'>clangorem</span> <span class='ocrx_word' id='word_1_85' title='bbox 1796 640 1909 682; x_wconf 85' lang='lat' dir='ltr'>tubae</span> <span class='ocrx_word' id='word_1_86' title='bbox 1935 648 2047 691; x_wconf 69' lang='lat' dir='ltr'>tuae,</span> <span class='ocrx_word' id='word_1_87' title='bbox 2079 643 2120 685; x_wconf 72' lang='grc' dir='ltr'>δε</span> <span class='ocrx_word' id='word_1_88' title='bbox 2151 642 2237 684; x_wconf 91' lang='lat' dir='ltr'>vidi</span> <span class='ocrx_word' id='word_1_89' title='bbox 2263 640 2355 684; x_wconf 81' lang='lat' dir='ltr'>des-</span> 
     </span>
     <span class='ocr_line' id='line_1_8' title="bbox 396 693 2355 750; baseline 0.001 -13"><span class='ocrx_word' id='word_1_90' title='bbox 396 694 564 738; x_wconf 82' lang='lat' dir='ltr'>censum</span> <span class='ocrx_word' id='word_1_91' title='bbox 587 704 706 737; x_wconf 90' lang='lat' dir='ltr'>tuum</span> <span class='ocrx_word' id='word_1_92' title='bbox 726 705 800 748; x_wconf 87' lang='lat' dir='ltr'>per</span> <span class='ocrx_word' id='word_1_93' title='bbox 819 705 985 745; x_wconf 90' lang='lat' dir='ltr'>aerem;</span> <span class='ocrx_word' id='word_1_94' title='bbox 1016 694 1200 749; x_wconf 88' lang='lat' dir='ltr'>Angelus</span> <span class='ocrx_word' id='word_1_95' title='bbox 1220 694 1457 750; x_wconf 87' lang='lat' dir='ltr'>respondit,</span> <span class='ocrx_word' id='word_1_96' title='bbox 1475 696 1618 739; x_wconf 91' lang='lat' dir='ltr'>missus</span> <span class='ocrx_word' id='word_1_97' title='bbox 1639 694 1729 738; x_wconf 90' lang='lat' dir='ltr'>sum</span> <span class='ocrx_word' id='word_1_98' title='bbox 1754 694 1805 736; x_wconf 92' lang='lat' dir='ltr'>ad</span> <span class='ocrx_word' id='word_1_99' title='bbox 1823 693 2148 737; x_wconf 89' lang='lat' dir='ltr'>convocandum</span> <span class='ocrx_word' id='word_1_100' title='bbox 2164 696 2355 739; x_wconf 88' lang='lat' dir='ltr'>celebra-</span> 
     </span>
     <span class='ocr_line' id='line_1_9' title="bbox 387 745 2365 805; baseline 0 -12"><span class='ocrx_word' id='word_1_101' title='bbox 387 751 558 793; x_wconf 86' lang='lat' dir='ltr'>tiffimos</span> <span class='ocrx_word' id='word_1_102' title='bbox 590 749 850 799; x_wconf 84' lang='lat' dir='ltr'>eruditione,</span> <span class='ocrx_word' id='word_1_103' title='bbox 882 747 1252 804; x_wconf 83' lang='lat' dir='ltr'>perspicaciffimos</span> <span class='ocrx_word' id='word_1_104' title='bbox 1274 750 1466 805; x_wconf 90' lang='lat' dir='ltr'>ingenio,</span> <span class='ocrx_word' id='word_1_105' title='bbox 1500 764 1551 793; x_wconf 92' lang='lat' dir='ltr'>ac</span> <span class='ocrx_word' id='word_1_106' title='bbox 1570 749 1909 792; x_wconf 87' lang='lat' dir='ltr'>eminentiffimos</span> <span class='ocrx_word' id='word_1_107' title='bbox 1929 746 2098 790; x_wconf 90' lang='lat' dir='ltr'>nomine</span> <span class='ocrx_word' id='word_1_108' title='bbox 2116 745 2157 789; x_wconf 90' lang='lat' dir='ltr'>sa</span> <span class='ocrx_word' id='word_1_109' title='bbox 2191 748 2365 803; x_wconf 84' lang='lat' dir='ltr'>ientiae,.</span> 
     </span>
     <span class='ocr_line' id='line_1_10' title="bbox 381 801 2351 864; baseline 0.002 -19"><span class='ocrx_word' id='word_1_110' title='bbox 381 805 453 861; x_wconf 85' lang='lat' dir='ltr'>qui</span> <span class='ocrx_word' id='word_1_111' title='bbox 481 815 505 845; x_wconf 91' lang='lat' dir='ltr'>e</span> <span class='ocrx_word' id='word_1_112' title='bbox 530 804 682 860; x_wconf 87' lang='lat' dir='ltr'>Regnis</span> <span class='ocrx_word' id='word_1_113' title='bbox 703 802 920 847; x_wconf 87' lang='lat' dir='ltr'>Christiani</span> <span class='ocrx_word' id='word_1_114' title='bbox 945 804 1073 847; x_wconf 85' lang='lat' dir='ltr'>Orbis</span> <span class='ocrx_word' id='word_1_115' title='bbox 1093 802 1215 858; x_wconf 89' lang='lat' dir='ltr'>super</span> <span class='ocrx_word' id='word_1_116' title='bbox 1235 804 1479 847; x_wconf 89' lang='lat' dir='ltr'>continente</span> <span class='ocrx_word' id='word_1_117' title='bbox 1496 804 1581 848; x_wconf 87' lang='lat' dir='ltr'>hac</span> <span class='ocrx_word' id='word_1_118' title='bbox 1599 803 1710 846; x_wconf 84' lang='lat' dir='ltr'>terra</span> <span class='ocrx_word' id='word_1_119' title='bbox 1735 802 1831 846; x_wconf 89' lang='lat' dir='ltr'>sunt</span> <span class='ocrx_word' id='word_1_120' title='bbox 1845 833 1861 855; x_wconf 95' lang='lat'>,</span> <span class='ocrx_word' id='word_1_121' title='bbox 1892 811 1941 844; x_wconf 87' lang='lat' dir='ltr'>ut</span> <span class='ocrx_word' id='word_1_122' title='bbox 1963 802 2006 845; x_wconf 87' lang='lat' dir='ltr'>in</span> <span class='ocrx_word' id='word_1_123' title='bbox 2029 801 2142 864; x_wconf 79' lang='lat' dir='ltr'>hunc</span> <span class='ocrx_word' id='word_1_124' title='bbox 2197 803 2351 855; x_wconf 83' lang='lat' dir='ltr'>ollem,</span> 
     </span>
     <span class='ocr_line' id='line_1_11' title="bbox 390 857 2355 915; baseline -0.001 -13"><span class='ocrx_word' id='word_1_125' title='bbox 390 859 461 902; x_wconf 89' lang='lat' dir='ltr'>ubi</span> <span class='ocrx_word' id='word_1_126' title='bbox 490 870 536 901; x_wconf 89' lang='lat' dir='ltr'>tu</span> <span class='ocrx_word' id='word_1_127' title='bbox 561 858 859 909; x_wconf 91' lang='lat' dir='ltr'>commoraris,</span> <span class='ocrx_word' id='word_1_128' title='bbox 894 858 1172 910; x_wconf 90' lang='lat' dir='ltr'>conveniant,</span> <span class='ocrx_word' id='word_1_129' title='bbox 1205 860 1246 902; x_wconf 71' lang='grc' dir='ltr'>ἀ</span> <span class='ocrx_word' id='word_1_130' title='bbox 1261 871 1315 901; x_wconf 80' lang='lat' dir='ltr'>ex</span> <span class='ocrx_word' id='word_1_131' title='bbox 1336 860 1505 914; x_wconf 72' lang='lat' dir='ltr'>pectore</span> <span class='ocrx_word' id='word_1_132' title='bbox 1524 867 1776 915; x_wconf 79' lang='lat' dir='ltr'>expromant</span> <span class='ocrx_word' id='word_1_133' title='bbox 1792 866 1974 909; x_wconf 86' lang='lat' dir='ltr'>mentes,</span> <span class='ocrx_word' id='word_1_134' title='bbox 2038 857 2105 899; x_wconf 92' lang='lat' dir='ltr'>u1d</span> <span class='ocrx_word' id='word_1_135' title='bbox 2124 869 2166 899; x_wconf 80' lang='lat' dir='ltr'>in</span> <span class='ocrx_word' id='word_1_136' title='bbox 2187 857 2355 901; x_wconf 89' lang='lat' dir='ltr'>Mundo</span> 
     </span>
     <span class='ocr_line' id='line_1_12' title="bbox 387 911 2353 971; baseline -0.001 -14"><span class='ocrx_word' id='word_1_137' title='bbox 387 913 712 971; x_wconf 82' lang='lat' dir='ltr'>cogitaverant,</span> <span class='ocrx_word' id='word_1_138' title='bbox 743 912 1060 966; x_wconf 85' lang='lat' dir='ltr'>intellexerant,</span> <span class='ocrx_word' id='word_1_139' title='bbox 1092 914 1133 957; x_wconf 86' lang='lat'>&amp;</span> <span class='ocrx_word' id='word_1_140' title='bbox 1152 912 1195 955; x_wconf 92' lang='lat' dir='ltr'>sa</span> <span class='ocrx_word' id='word_1_141' title='bbox 1228 924 1373 956; x_wconf 79' lang='lat' dir='ltr'>uei-ant</span> <span class='ocrx_word' id='word_1_142' title='bbox 1391 914 1443 956; x_wconf 92' lang='lat' dir='ltr'>de</span> <span class='ocrx_word' id='word_1_143' title='bbox 1472 914 1651 958; x_wconf 67' lang='lat' dir='ltr'>Gnumo</span> <span class='ocrx_word' id='word_1_144' title='bbox 1680 913 1904 963; x_wconf 72' lang='lat' dir='ltr'>CAELEsTr,</span> <span class='ocrx_word' id='word_1_145' title='bbox 1937 912 1980 955; x_wconf 87' lang='lat'>&amp;</span> <span class='ocrx_word' id='word_1_146' title='bbox 2037 923 2062 953; x_wconf 89' lang='lat' dir='ltr'>e</span> <span class='ocrx_word' id='word_1_147' title='bbox 2090 911 2123 953; x_wconf 91' lang='lat' dir='ltr'><strong>F</strong></span> <span class='ocrx_word' id='word_1_148' title='bbox 2125 924 2353 957; x_wconf 69' lang='lat' dir='ltr'>EchrrA‘rr:</span> 
     </span>
     <span class='ocr_line' id='line_1_13' title="bbox 384 965 2356 1026; baseline -0.001 -14"><span class='ocrx_word' id='word_1_149' title='bbox 384 969 599 1012; x_wconf 80' lang='lat' dir='ltr'>AETERNA.</span> <span class='ocrx_word' id='word_1_150' title='bbox 658 966 796 1011; x_wconf 87' lang='lat' dir='ltr'>Causa</span> <span class='ocrx_word' id='word_1_151' title='bbox 817 966 1038 1023; x_wconf 75' lang='lat' dir='ltr'>legationis</span> <span class='ocrx_word' id='word_1_152' title='bbox 1063 979 1170 1012; x_wconf 85' lang='lat' dir='ltr'>meae</span> <span class='ocrx_word' id='word_1_153' title='bbox 1207 968 1273 1010; x_wconf 90' lang='lat' dir='ltr'>uit</span> <span class='ocrx_word' id='word_1_154' title='bbox 1299 968 1418 1022; x_wconf 88' lang='lat' dir='ltr'>haec,</span> <span class='ocrx_word' id='word_1_155' title='bbox 1452 969 1567 1026; x_wconf 93' lang='lat' dir='ltr'>quod</span> <span class='ocrx_word' id='word_1_156' title='bbox 1586 968 1712 1025; x_wconf 88' lang='lat' dir='ltr'>aliqui</span> <span class='ocrx_word' id='word_1_157' title='bbox 1737 967 1840 1011; x_wconf 89' lang='lat' dir='ltr'>novi</span> <span class='ocrx_word' id='word_1_158' title='bbox 1861 965 2030 1010; x_wconf 83' lang='lat' dir='ltr'>advenae</span> <span class='ocrx_word' id='word_1_159' title='bbox 2046 979 2078 1009; x_wconf 48' lang='lat' dir='ltr'>*e</span> <span class='ocrx_word' id='word_1_160' title='bbox 2098 966 2289 1020; x_wconf 91' lang='lat' dir='ltr'>Mundo,</span> <span class='ocrx_word' id='word_1_161' title='bbox 2308 966 2356 1011; x_wconf 74' lang='lat' dir='ltr'>in</span> 
     </span>
     <span class='ocr_line' id='line_1_14' title="bbox 383 1021 2362 1078; baseline -0.002 -11"><span class='ocrx_word' id='word_1_162' title='bbox 383 1022 604 1068; x_wconf 86' lang='lat' dir='ltr'>Caelestem</span> <span class='ocrx_word' id='word_1_163' title='bbox 635 1021 812 1065; x_wconf 87' lang='lat' dir='ltr'>nostram</span> <span class='ocrx_word' id='word_1_164' title='bbox 842 1022 1127 1075; x_wconf 84' lang='lat' dir='ltr'>Societatem,</span> <span class='ocrx_word' id='word_1_165' title='bbox 1173 1036 1266 1078; x_wconf 88' lang='lat' dir='ltr'>quae</span> <span class='ocrx_word' id='word_1_166' title='bbox 1298 1022 1339 1065; x_wconf 91' lang='lat' dir='ltr'>in</span> <span class='ocrx_word' id='word_1_167' title='bbox 1368 1023 1551 1068; x_wconf 85' lang='lat' dir='ltr'>Oriente</span> <span class='ocrx_word' id='word_1_168' title='bbox 1578 1023 1661 1076; x_wconf 89' lang='lat' dir='ltr'>est,</span> <span class='ocrx_word' id='word_1_169' title='bbox 1689 1022 1848 1066; x_wconf 86' lang='lat' dir='ltr'>admiffi</span> <span class='ocrx_word' id='word_1_170' title='bbox 1878 1021 2128 1073; x_wconf 72' lang='lat' dir='ltr'>retulerint,</span> <span class='ocrx_word' id='word_1_171' title='bbox 2157 1022 2271 1078; x_wconf 93' lang='lat' dir='ltr'>quod</span> <span class='ocrx_word' id='word_1_172' title='bbox 2300 1034 2362 1065; x_wconf 66' lang='lat' dir='ltr'>ne</span> 
     </span>
     <span class='ocr_line' id='line_1_15' title="bbox 384 1075 2363 1135; baseline -0.001 -16"><span class='ocrx_word' id='word_1_173' title='bbox 384 1078 553 1134; x_wconf 88' lang='lat' dir='ltr'>quidem</span> <span class='ocrx_word' id='word_1_174' title='bbox 580 1089 686 1120; x_wconf 84' lang='lat' dir='ltr'>unus</span> <span class='ocrx_word' id='word_1_175' title='bbox 709 1079 748 1120; x_wconf 92' lang='lat' dir='ltr'>in</span> <span class='ocrx_word' id='word_1_176' title='bbox 781 1076 989 1122; x_wconf 91' lang='lat' dir='ltr'>Universo</span> <span class='ocrx_word' id='word_1_177' title='bbox 1016 1077 1251 1121; x_wconf 88' lang='lat' dir='ltr'>Christiano</span> <span class='ocrx_word' id='word_1_178' title='bbox 1271 1076 1390 1122; x_wconf 85' lang='lat' dir='ltr'>Orbe</span> <span class='ocrx_word' id='word_1_179' title='bbox 1409 1076 1540 1133; x_wconf 81' lang='lat' dir='ltr'>sciat&#39;,</span> <span class='ocrx_word' id='word_1_180' title='bbox 1574 1077 1672 1135; x_wconf 90' lang='lat' dir='ltr'>quid</span> <span class='ocrx_word' id='word_1_181' title='bbox 1698 1076 1912 1121; x_wconf 86' lang='lat' dir='ltr'>Gaudium</span> <span class='ocrx_word' id='word_1_182' title='bbox 1937 1075 2146 1129; x_wconf 82' lang='lat' dir='ltr'>Caeleste,</span> <span class='ocrx_word' id='word_1_183' title='bbox 2175 1078 2217 1121; x_wconf 75' lang='grc' dir='ltr'>ὅτ.</span> <span class='ocrx_word' id='word_1_184' title='bbox 2242 1076 2276 1120; x_wconf 90' lang='lat' dir='ltr'><strong>F</strong></span> <span class='ocrx_word' id='word_1_185' title='bbox 2278 1076 2363 1119; x_wconf 66' lang='lat' dir='ltr'>eli·-</span> 
     </span>
     <span class='ocr_line' id='line_1_16' title="bbox 387 1128 2354 1184; baseline -0.001 -9"><span class='ocrx_word' id='word_1_186' title='bbox 387 1132 697 1184; x_wconf 84' lang='lat' dir='ltr'>citasaeterna,</span> <span class='ocrx_word' id='word_1_187' title='bbox 729 1132 789 1175; x_wconf 89' lang='lat' dir='ltr'>ita</span> <span class='ocrx_word' id='word_1_188' title='bbox 848 1132 915 1174; x_wconf 93' lang='lat' dir='ltr'>uid</span> <span class='ocrx_word' id='word_1_189' title='bbox 934 1132 1120 1176; x_wconf 89' lang='lat' dir='ltr'>Caelum:</span> <span class='ocrx_word' id='word_1_190' title='bbox 1151 1132 1235 1175; x_wconf 90' lang='lat' dir='ltr'>hoc</span> <span class='ocrx_word' id='word_1_191' title='bbox 1260 1131 1414 1176; x_wconf 87' lang='lat' dir='ltr'>fratres</span> <span class='ocrx_word' id='word_1_192' title='bbox 1441 1136 1482 1179; x_wconf 77' lang='grc' dir='ltr'>ὅτ.</span> <span class='ocrx_word' id='word_1_193' title='bbox 1514 1131 1699 1177; x_wconf 92' lang='lat' dir='ltr'>consocii</span> <span class='ocrx_word' id='word_1_194' title='bbox 1722 1132 1802 1176; x_wconf 88' lang='lat' dir='ltr'>mei</span> <span class='ocrx_word' id='word_1_195' title='bbox 1823 1129 1961 1173; x_wconf 65' lang='lat' dir='ltr'>⁴valde</span> <span class='ocrx_word' id='word_1_196' title='bbox 1989 1130 2128 1175; x_wconf 91' lang='lat' dir='ltr'>mirati</span> <span class='ocrx_word' id='word_1_197' title='bbox 2151 1128 2276 1184; x_wconf 78' lang='lat' dir='ltr'>sunt,</span> <span class='ocrx_word' id='word_1_198' title='bbox 2308 1133 2354 1181; x_wconf 71' lang='grc' dir='ltr'>ὃς</span> 
     </span>
     <span class='ocr_line' id='line_1_17' title="bbox 381 1183 2353 1242; baseline -0.001 -12"><span class='ocrx_word' id='word_1_199' title='bbox 381 1187 485 1230; x_wconf 88' lang='lat' dir='ltr'>mihi</span> <span class='ocrx_word' id='word_1_200' title='bbox 505 1184 723 1238; x_wconf 80' lang='lat' dir='ltr'>dixerunt,</span> <span class='ocrx_word' id='word_1_201' title='bbox 754 1186 806 1228; x_wconf 89' lang='lat' dir='ltr'>de</span> <span class='ocrx_word' id='word_1_202' title='bbox 828 1186 956 1230; x_wconf 89' lang='lat' dir='ltr'>cende</span> <span class='ocrx_word' id='word_1_203' title='bbox 971 1219 986 1240; x_wconf 89' lang='lat'>,</span> <span class='ocrx_word' id='word_1_204' title='bbox 1019 1186 1239 1231; x_wconf 88' lang='lat' dir='ltr'>conclama</span> <span class='ocrx_word' id='word_1_205' title='bbox 1261 1188 1302 1231; x_wconf 88' lang='lat'>&amp;</span> <span class='ocrx_word' id='word_1_206' title='bbox 1323 1200 1519 1231; x_wconf 89' lang='lat' dir='ltr'>convoca</span> <span class='ocrx_word' id='word_1_207' title='bbox 1537 1187 1851 1242; x_wconf 85' lang='lat' dir='ltr'>sapientiffimos</span> <span class='ocrx_word' id='word_1_208' title='bbox 1867 1185 1908 1227; x_wconf 89' lang='lat' dir='ltr'>in</span> <span class='ocrx_word' id='word_1_209' title='bbox 1922 1185 2088 1228; x_wconf 90' lang='lat' dir='ltr'>Mundo</span> <span class='ocrx_word' id='word_1_210' title='bbox 2103 1183 2353 1240; x_wconf 80' lang='lat' dir='ltr'>spirituum,</span> 
     </span>
     <span class='ocr_line' id='line_1_18' title="bbox 374 1240 2357 1298; baseline -0.001 -14"><span class='ocrx_word' id='word_1_211' title='bbox 374 1242 420 1285; x_wconf 87' lang='lat' dir='ltr'>in</span> <span class='ocrx_word' id='word_1_212' title='bbox 459 1251 581 1296; x_wconf 91' lang='lat' dir='ltr'>quem</span> <span class='ocrx_word' id='word_1_213' title='bbox 613 1241 797 1296; x_wconf 90' lang='lat' dir='ltr'>primum</span> <span class='ocrx_word' id='word_1_214' title='bbox 837 1243 1096 1298; x_wconf 89' lang='lat' dir='ltr'>colliguntur</span> <span class='ocrx_word' id='word_1_215' title='bbox 1127 1254 1274 1285; x_wconf 89' lang='lat' dir='ltr'>omnes</span> <span class='ocrx_word' id='word_1_216' title='bbox 1296 1241 1506 1286; x_wconf 89' lang='lat' dir='ltr'>Mortales</span> <span class='ocrx_word' id='word_1_217' title='bbox 1532 1241 1626 1297; x_wconf 93' lang='lat' dir='ltr'>post</span> <span class='ocrx_word' id='word_1_218' title='bbox 1656 1241 1869 1284; x_wconf 74' lang='lat' dir='ltr'>excelsum</span> <span class='ocrx_word' id='word_1_219' title='bbox 1890 1251 1921 1296; x_wconf 86' lang='lat' dir='ltr'>e</span> <span class='ocrx_word' id='word_1_220' title='bbox 1947 1240 2114 1284; x_wconf 89' lang='lat' dir='ltr'>Mundo</span> <span class='ocrx_word' id='word_1_221' title='bbox 2138 1240 2357 1293; x_wconf 75' lang='lat' dir='ltr'>naturali,</span> 
     </span>
     <span class='ocr_line' id='line_1_19' title="bbox 379 1293 2354 1351; baseline -0.001 -13"><span class='ocrx_word' id='word_1_222' title='bbox 379 1296 437 1338; x_wconf 94' lang='lat' dir='ltr'>ob</span> <span class='ocrx_word' id='word_1_223' title='bbox 466 1296 619 1347; x_wconf 87' lang='lat' dir='ltr'>finem,</span> <span class='ocrx_word' id='word_1_224' title='bbox 650 1303 699 1337; x_wconf 91' lang='lat' dir='ltr'>ut</span> <span class='ocrx_word' id='word_1_225' title='bbox 721 1306 775 1337; x_wconf 82' lang='lat' dir='ltr'>ex</span> <span class='ocrx_word' id='word_1_226' title='bbox 796 1296 979 1350; x_wconf 87' lang='lat' dir='ltr'>plurium</span> <span class='ocrx_word' id='word_1_227' title='bbox 1009 1309 1084 1338; x_wconf 90' lang='lat' dir='ltr'>ore</span> <span class='ocrx_word' id='word_1_228' title='bbox 1117 1296 1223 1338; x_wconf 89' lang='lat' dir='ltr'>certi</span> <span class='ocrx_word' id='word_1_229' title='bbox 1246 1296 1492 1348; x_wconf 80' lang='lat' dir='ltr'>reddamur,</span> <span class='ocrx_word' id='word_1_230' title='bbox 1522 1309 1623 1339; x_wconf 89' lang='lat' dir='ltr'>num</span> <span class='ocrx_word' id='word_1_231' title='bbox 1646 1295 1805 1337; x_wconf 87' lang='lat' dir='ltr'>veritas</span> <span class='ocrx_word' id='word_1_232' title='bbox 1828 1294 1900 1344; x_wconf 83' lang='lat' dir='ltr'>fit,</span> <span class='ocrx_word' id='word_1_233' title='bbox 1936 1294 2051 1347; x_wconf 87' lang='lat' dir='ltr'>quod</span> <span class='ocrx_word' id='word_1_234' title='bbox 2081 1293 2176 1336; x_wconf 93' lang='lat' dir='ltr'>talis</span> <span class='ocrx_word' id='word_1_235' title='bbox 2205 1293 2354 1351; x_wconf 33' lang='lat' dir='ltr'>caligo*</span> 
     </span>
     <span class='ocr_line' id='line_1_20' title="bbox 379 1344 2347 1405; baseline -0.001 -12"><span class='ocrx_word' id='word_1_236' title='bbox 379 1350 451 1393; x_wconf 84' lang='lat' dir='ltr'>seu</span> <span class='ocrx_word' id='word_1_237' title='bbox 480 1348 698 1392; x_wconf 87' lang='lat' dir='ltr'>tenebrosa</span> <span class='ocrx_word' id='word_1_238' title='bbox 719 1349 952 1405; x_wconf 85' lang='lat' dir='ltr'>ignorantia</span> <span class='ocrx_word' id='word_1_239' title='bbox 975 1349 1026 1395; x_wconf 88' lang='lat' dir='ltr'>fit</span> <span class='ocrx_word' id='word_1_240' title='bbox 1048 1350 1288 1395; x_wconf 82' lang='lat' dir='ltr'>Christianis</span> <span class='ocrx_word' id='word_1_241' title='bbox 1306 1351 1358 1392; x_wconf 91' lang='lat' dir='ltr'>de</span> <span class='ocrx_word' id='word_1_242' title='bbox 1376 1350 1522 1393; x_wconf 89' lang='lat' dir='ltr'>futura</span> <span class='ocrx_word' id='word_1_243' title='bbox 1541 1349 1655 1390; x_wconf 82' lang='lat' dir='ltr'>vita:</span> <span class='ocrx_word' id='word_1_244' title='bbox 1688 1348 1742 1391; x_wconf 85' lang='lat'>&amp;·</span> <span class='ocrx_word' id='word_1_245' title='bbox 1759 1347 1893 1397; x_wconf 86' lang='lat' dir='ltr'>dixit,</span> <span class='ocrx_word' id='word_1_246' title='bbox 1925 1344 2122 1400; x_wconf 67' lang='lat' dir='ltr'>exspecta</span> <span class='ocrx_word' id='word_1_247' title='bbox 2145 1348 2347 1403; x_wconf 87' lang='lat' dir='ltr'>paulum,</span> 
     </span>
     <span class='ocr_line' id='line_1_21' title="bbox 377 1400 2354 1460; baseline -0.003 -10"><span class='ocrx_word' id='word_1_248' title='bbox 377 1407 420 1450; x_wconf 72' lang='grc' dir='ltr'>ἀ</span> <span class='ocrx_word' id='word_1_249' title='bbox 452 1403 610 1448; x_wconf 91' lang='lat' dir='ltr'>videbis</span> <span class='ocrx_word' id='word_1_250' title='bbox 640 1403 842 1447; x_wconf 89' lang='lat' dir='ltr'>cohortes</span> <span class='ocrx_word' id='word_1_251' title='bbox 869 1404 1110 1460; x_wconf 89' lang='lat' dir='ltr'>Sapientum</span> <span class='ocrx_word' id='word_1_252' title='bbox 1144 1408 1228 1446; x_wconf 86' lang='lat' dir='ltr'>huc</span> <span class='ocrx_word' id='word_1_253' title='bbox 1256 1405 1491 1454; x_wconf 79' lang='lat' dir='ltr'>alluentes,</span> <span class='ocrx_word' id='word_1_254' title='bbox 1519 1402 1732 1448; x_wconf 89' lang='lat' dir='ltr'>Dominus</span> <span class='ocrx_word' id='word_1_255' title='bbox 1768 1400 2021 1456; x_wconf 67' lang='lat' dir='ltr'>praeparabit</span> <span class='ocrx_word' id='word_1_256' title='bbox 2050 1413 2133 1457; x_wconf 87' lang='lat' dir='ltr'>pro</span> <span class='ocrx_word' id='word_1_257' title='bbox 2159 1401 2240 1446; x_wconf 84' lang='lat' dir='ltr'>illis</span> <span class='ocrx_word' id='word_1_258' title='bbox 2270 1403 2354 1445; x_wconf 72' lang='grc' dir='ltr'>ΛΕ·-</span> 
     </span>
     <span class='ocr_line' id='line_1_22' title="bbox 377 1455 2341 1513; baseline -0.001 -11"><span class='ocrx_word' id='word_1_259' title='bbox 377 1460 474 1503; x_wconf 87' lang='lat' dir='ltr'>dem</span> <span class='ocrx_word' id='word_1_260' title='bbox 498 1468 745 1503; x_wconf 88' lang='lat' dir='ltr'>conventus.</span> <span class='ocrx_word' id='word_1_261' title='bbox 788 1458 1063 1513; x_wconf 69' lang='lat' dir='ltr'>Exspestavi‚</span> <span class='ocrx_word' id='word_1_262' title='bbox 1096 1460 1137 1502; x_wconf 74' lang='grc' dir='ltr'>δι</span> <span class='ocrx_word' id='word_1_263' title='bbox 1156 1469 1259 1500; x_wconf 84' lang='lat' dir='ltr'>ecce</span> <span class='ocrx_word' id='word_1_264' title='bbox 1278 1457 1370 1512; x_wconf 91' lang='lat' dir='ltr'>post</span> <span class='ocrx_word' id='word_1_265' title='bbox 1390 1456 1657 1501; x_wconf 89' lang='lat' dir='ltr'>semihorium</span> <span class='ocrx_word' id='word_1_266' title='bbox 1677 1455 1764 1500; x_wconf 91' lang='lat' dir='ltr'>vidi</span> <span class='ocrx_word' id='word_1_267' title='bbox 1780 1455 1883 1498; x_wconf 90' lang='lat' dir='ltr'>duas</span> <span class='ocrx_word' id='word_1_268' title='bbox 1901 1455 2086 1500; x_wconf 89' lang='lat' dir='ltr'>Turmas</span> <span class='ocrx_word' id='word_1_269' title='bbox 2115 1469 2141 1499; x_wconf 89' lang='lat' dir='ltr'>a</span> <span class='ocrx_word' id='word_1_270' title='bbox 2167 1458 2341 1512; x_wconf 87' lang='lat' dir='ltr'>Septen·</span> 
     </span>
     <span class='ocr_line' id='line_1_23' title="bbox 377 1511 2348 1568; baseline -0.001 -12"><span class='ocrx_word' id='word_1_271' title='bbox 377 1514 517 1557; x_wconf 90' lang='lat' dir='ltr'>trione</span> <span class='ocrx_word' id='word_1_272' title='bbox 536 1544 550 1566; x_wconf 92' lang='lat'>‚</span> <span class='ocrx_word' id='word_1_273' title='bbox 581 1513 683 1555; x_wconf 90' lang='lat' dir='ltr'>duas</span> <span class='ocrx_word' id='word_1_274' title='bbox 701 1514 754 1556; x_wconf 92' lang='lat' dir='ltr'>ab</span> <span class='ocrx_word' id='word_1_275' title='bbox 773 1513 1032 1564; x_wconf 80' lang='lat' dir='ltr'>Occidente,</span> <span class='ocrx_word' id='word_1_276' title='bbox 1066 1513 1106 1555; x_wconf 72' lang='grc' dir='ltr'>ὅτ</span> <span class='ocrx_word' id='word_1_277' title='bbox 1124 1512 1226 1554; x_wconf 89' lang='lat' dir='ltr'>duas</span> <span class='ocrx_word' id='word_1_278' title='bbox 1240 1525 1264 1555; x_wconf 90' lang='lat' dir='ltr'>a</span> <span class='ocrx_word' id='word_1_279' title='bbox 1285 1512 1488 1564; x_wconf 88' lang='lat' dir='ltr'>Meridie,</span> <span class='ocrx_word' id='word_1_280' title='bbox 1507 1514 1548 1557; x_wconf 74' lang='grc' dir='ltr'>ὅτ.</span> <span class='ocrx_word' id='word_1_281' title='bbox 1570 1511 1680 1555; x_wconf 85' lang='lat' dir='ltr'>ficut</span> <span class='ocrx_word' id='word_1_282' title='bbox 1706 1516 1935 1563; x_wconf 77' lang='lat' dir='ltr'>venerunt,</span> <span class='ocrx_word' id='word_1_283' title='bbox 1967 1511 2020 1554; x_wconf 90' lang='lat' dir='ltr'>ab</span> <span class='ocrx_word' id='word_1_284' title='bbox 2040 1511 2205 1568; x_wconf 80' lang='lat' dir='ltr'>Angelo</span> <span class='ocrx_word' id='word_1_285' title='bbox 2227 1513 2348 1555; x_wconf 80' lang='lat' dir='ltr'>tubae</span> 
     </span>
     <span class='ocr_line' id='line_1_24' title="bbox 372 1565 2345 1623; baseline -0.001 -11"><span class='ocrx_word' id='word_1_286' title='bbox 372 1567 602 1612; x_wconf 70' lang='lat' dir='ltr'>introducti</span> <span class='ocrx_word' id='word_1_287' title='bbox 622 1566 716 1610; x_wconf 90' lang='lat' dir='ltr'>sunt</span> <span class='ocrx_word' id='word_1_288' title='bbox 736 1568 775 1609; x_wconf 89' lang='lat' dir='ltr'>in</span> <span class='ocrx_word' id='word_1_289' title='bbox 794 1568 945 1610; x_wconf 89' lang='lat' dir='ltr'>AEdem</span> <span class='ocrx_word' id='word_1_290' title='bbox 971 1576 1276 1621; x_wconf 70' lang='lat' dir='ltr'>praeparatam,</span> <span class='ocrx_word' id='word_1_291' title='bbox 1308 1569 1350 1611; x_wconf 88' lang='lat'>&amp;</span> <span class='ocrx_word' id='word_1_292' title='bbox 1372 1566 1430 1609; x_wconf 90' lang='lat' dir='ltr'>ibi</span> <span class='ocrx_word' id='word_1_293' title='bbox 1455 1566 1721 1621; x_wconf 88' lang='lat' dir='ltr'>occupabant</span> <span class='ocrx_word' id='word_1_294' title='bbox 1745 1567 1842 1610; x_wconf 89' lang='lat' dir='ltr'>loca</span> <span class='ocrx_word' id='word_1_295' title='bbox 1862 1565 1947 1617; x_wconf 86' lang='lat' dir='ltr'>illis</span> <span class='ocrx_word' id='word_1_296' title='bbox 1972 1566 2182 1623; x_wconf 87' lang='lat' dir='ltr'>defignata</span> <span class='ocrx_word' id='word_1_297' title='bbox 2201 1566 2345 1610; x_wconf 91' lang='lat' dir='ltr'>secun-</span> 
     </span>
     <span class='ocr_line' id='line_1_25' title="bbox 371 1619 2351 1678; baseline -0.001 -12"><span class='ocrx_word' id='word_1_298' title='bbox 371 1624 469 1666; x_wconf 85' lang='lat' dir='ltr'>dum</span> <span class='ocrx_word' id='word_1_299' title='bbox 492 1623 650 1678; x_wconf 75' lang='lat' dir='ltr'>plagas,</span> <span class='ocrx_word' id='word_1_300' title='bbox 709 1622 843 1665; x_wconf 87' lang='lat' dir='ltr'>Erant</span> <span class='ocrx_word' id='word_1_301' title='bbox 875 1620 945 1663; x_wconf 83' lang='lat' dir='ltr'>sex</span> <span class='ocrx_word' id='word_1_302' title='bbox 963 1621 1138 1664; x_wconf 86' lang='lat' dir='ltr'>Turmae</span> <span class='ocrx_word' id='word_1_303' title='bbox 1160 1619 1228 1663; x_wconf 91' lang='lat' dir='ltr'>seu</span> <span class='ocrx_word' id='word_1_304' title='bbox 1253 1620 1488 1675; x_wconf 74' lang='lat' dir='ltr'>Cohortes,</span> <span class='ocrx_word' id='word_1_305' title='bbox 1521 1621 1697 1677; x_wconf 89' lang='lat' dir='ltr'>septima</span> <span class='ocrx_word' id='word_1_306' title='bbox 1721 1630 1813 1663; x_wconf 85' lang='lat' dir='ltr'>erat</span> <span class='ocrx_word' id='word_1_307' title='bbox 1836 1619 1896 1662; x_wconf 88' lang='lat' dir='ltr'>ab</span> <span class='ocrx_word' id='word_1_308' title='bbox 1911 1621 2111 1674; x_wconf 88' lang='lat' dir='ltr'>Oriente,</span> <span class='ocrx_word' id='word_1_309' title='bbox 2141 1634 2235 1677; x_wconf 88' lang='lat' dir='ltr'>quae</span> <span class='ocrx_word' id='word_1_310' title='bbox 2254 1633 2351 1677; x_wconf 73' lang='lat' dir='ltr'>pra:</span> 
     </span>
     <span class='ocr_line' id='line_1_26' title="bbox 370 1674 2343 1739; baseline -0.001 -19"><span class='ocrx_word' id='word_1_311' title='bbox 370 1675 471 1721; x_wconf 91' lang='lat' dir='ltr'>luce</span> <span class='ocrx_word' id='word_1_312' title='bbox 500 1675 669 1729; x_wconf 87' lang='lat' dir='ltr'>reliquis</span> <span class='ocrx_word' id='word_1_313' title='bbox 691 1687 774 1717; x_wconf 91' lang='lat' dir='ltr'>non</span> <span class='ocrx_word' id='word_1_314' title='bbox 795 1674 880 1718; x_wconf 92' lang='lat' dir='ltr'>visa</span> <span class='ocrx_word' id='word_1_315' title='bbox 900 1675 970 1719; x_wconf 90' lang='lat' dir='ltr'>est.</span> <span class='ocrx_word' id='word_1_316' title='bbox 1027 1675 1125 1719; x_wconf 88' lang='lat' dir='ltr'>Post</span> <span class='ocrx_word' id='word_1_317' title='bbox 1144 1677 1515 1739; x_wconf 81' lang='lat' dir='ltr'>congregationem</span> <span class='ocrx_word' id='word_1_318' title='bbox 1544 1676 1707 1731; x_wconf 90' lang='lat' dir='ltr'>aperuit</span> <span class='ocrx_word' id='word_1_319' title='bbox 1724 1675 1910 1731; x_wconf 88' lang='lat' dir='ltr'>Angelus</span> <span class='ocrx_word' id='word_1_320' title='bbox 1930 1675 2101 1720; x_wconf 83' lang='lat' dir='ltr'>causam</span> <span class='ocrx_word' id='word_1_321' title='bbox 2127 1688 2343 1720; x_wconf 63' lang='lat' dir='ltr'>convoca·</span> 
     </span>
     <span class='ocr_line' id='line_1_27' title="bbox 377 1727 2341 1786; baseline 0 -14"><span class='ocrx_word' id='word_1_322' title='bbox 377 1731 504 1773; x_wconf 83' lang='lat' dir='ltr'>tionis</span> <span class='ocrx_word' id='word_1_323' title='bbox 526 1760 541 1782; x_wconf 93' lang='lat'>,</span> <span class='ocrx_word' id='word_1_324' title='bbox 589 1729 630 1772; x_wconf 87' lang='lat'>&amp;</span> <span class='ocrx_word' id='word_1_325' title='bbox 669 1729 869 1785; x_wconf 84' lang='lat' dir='ltr'>rogavit,</span> <span class='ocrx_word' id='word_1_326' title='bbox 909 1740 957 1772; x_wconf 89' lang='lat' dir='ltr'>ut</span> <span class='ocrx_word' id='word_1_327' title='bbox 987 1728 1198 1773; x_wconf 89' lang='lat' dir='ltr'>Cohortes</span> <span class='ocrx_word' id='word_1_328' title='bbox 1235 1744 1278 1775; x_wconf 83' lang='lat' dir='ltr'>in</span> <span class='ocrx_word' id='word_1_329' title='bbox 1309 1731 1453 1774; x_wconf 87' lang='lat' dir='ltr'>ordine</span> <span class='ocrx_word' id='word_1_330' title='bbox 1481 1739 1779 1786; x_wconf 85' lang='lat' dir='ltr'>expromerent</span> <span class='ocrx_word' id='word_1_331' title='bbox 1818 1727 1934 1771; x_wconf 75' lang='lat' dir='ltr'>stiam</span> <span class='ocrx_word' id='word_1_332' title='bbox 1969 1730 2246 1784; x_wconf 86' lang='lat' dir='ltr'>sapientiam,</span> <span class='ocrx_word' id='word_1_333' title='bbox 2285 1730 2341 1772; x_wconf 84' lang='lat' dir='ltr'>de</span> 
     </span>
     <span class='ocr_line' id='line_1_28' title="bbox 375 1782 2339 1847; baseline -0.001 -19"><span class='ocrx_word' id='word_1_334' title='bbox 375 1786 557 1828; x_wconf 73' lang='lat' dir='ltr'>GAUmo</span> <span class='ocrx_word' id='word_1_335' title='bbox 587 1783 814 1837; x_wconf 44' lang='lat' dir='ltr'>Cretam,</span> <span class='ocrx_word' id='word_1_336' title='bbox 847 1787 888 1830; x_wconf 86' lang='lat'>&amp;</span> <span class='ocrx_word' id='word_1_337' title='bbox 907 1785 959 1828; x_wconf 92' lang='lat' dir='ltr'>de</span> <span class='ocrx_word' id='word_1_338' title='bbox 988 1782 1021 1825; x_wconf 86' lang='lat' dir='ltr'>F</span> <span class='ocrx_word' id='word_1_339' title='bbox 1023 1797 1255 1829; x_wconf 75' lang='lat' dir='ltr'>nmcrrATE</span> <span class='ocrx_word' id='word_1_340' title='bbox 1284 1786 1507 1830; x_wconf 78' lang='lat' dir='ltr'>AETERNA:</span> <span class='ocrx_word' id='word_1_341' title='bbox 1539 1787 1580 1830; x_wconf 89' lang='lat'>&amp;</span> <span class='ocrx_word' id='word_1_342' title='bbox 1605 1794 1707 1828; x_wconf 87' lang='lat' dir='ltr'>tunc</span> <span class='ocrx_word' id='word_1_343' title='bbox 1724 1783 1970 1838; x_wconf 79' lang='lat' dir='ltr'>‘unaquaevis</span> <span class='ocrx_word' id='word_1_344' title='bbox 1989 1784 2154 1828; x_wconf 90' lang='lat' dir='ltr'>Cohors</span> <span class='ocrx_word' id='word_1_345' title='bbox 2184 1784 2227 1827; x_wconf 90' lang='lat' dir='ltr'>se</span> <span class='ocrx_word' id='word_1_346' title='bbox 2246 1785 2339 1847; x_wconf 85' lang='lat' dir='ltr'>glo·</span> 
     </span>
     <span class='ocr_line' id='line_1_29' title="bbox 376 1837 2346 1895; baseline -0.001 -12"><span class='ocrx_word' id='word_1_347' title='bbox 376 1839 562 1883; x_wconf 78' lang='lat' dir='ltr'>metavit</span> <span class='ocrx_word' id='word_1_348' title='bbox 589 1839 631 1882; x_wconf 92' lang='lat' dir='ltr'>in</span> <span class='ocrx_word' id='word_1_349' title='bbox 661 1839 805 1884; x_wconf 88' lang='lat' dir='ltr'>orbem</span> <span class='ocrx_word' id='word_1_350' title='bbox 822 1870 836 1893; x_wconf 90' lang='lat'>,</span> <span class='ocrx_word' id='word_1_351' title='bbox 866 1837 1054 1883; x_wconf 88' lang='lat' dir='ltr'>faciebus</span> <span class='ocrx_word' id='word_1_352' title='bbox 1082 1840 1133 1882; x_wconf 90' lang='lat' dir='ltr'>ad</span> <span class='ocrx_word' id='word_1_353' title='bbox 1166 1838 1297 1883; x_wconf 89' lang='lat' dir='ltr'>facies</span> <span class='ocrx_word' id='word_1_354' title='bbox 1334 1841 1571 1892; x_wconf 76' lang='lat' dir='ltr'>converHS,</span> <span class='ocrx_word' id='word_1_355' title='bbox 1603 1849 1650 1882; x_wconf 86' lang='lat' dir='ltr'>ut</span> <span class='ocrx_word' id='word_1_356' title='bbox 1668 1838 1784 1881; x_wconf 89' lang='lat' dir='ltr'>illam</span> <span class='ocrx_word' id='word_1_357' title='bbox 1806 1849 1896 1881; x_wconf 82' lang='lat' dir='ltr'>rem</span> <span class='ocrx_word' id='word_1_358' title='bbox 1926 1850 1981 1881; x_wconf 82' lang='lat' dir='ltr'>ex</span> <span class='ocrx_word' id='word_1_359' title='bbox 2002 1838 2104 1882; x_wconf 87' lang='lat' dir='ltr'>ideis</span> <span class='ocrx_word' id='word_1_360' title='bbox 2134 1839 2174 1882; x_wconf 89' lang='lat' dir='ltr'>in</span> <span class='ocrx_word' id='word_1_361' title='bbox 2204 1840 2346 1895; x_wconf 81' lang='lat' dir='ltr'>priori:</span> 
     </span>
     <span class='ocr_line' id='line_1_30' title="bbox 370 1886 2339 1949; baseline 0.001 -10"><span class='ocrx_word' id='word_1_362' title='bbox 370 1893 544 1939; x_wconf 86' lang='lat' dir='ltr'>Mundo</span> <span class='ocrx_word' id='word_1_363' title='bbox 580 1894 718 1948; x_wconf 92' lang='lat' dir='ltr'>captis</span> <span class='ocrx_word' id='word_1_364' title='bbox 741 1905 1022 1949; x_wconf 85' lang='lat' dir='ltr'>revocarent,</span> <span class='ocrx_word' id='word_1_365' title='bbox 1051 1895 1092 1940; x_wconf 75' lang='grc' dir='ltr'>ὅτ.</span> <span class='ocrx_word' id='word_1_366' title='bbox 1119 1907 1230 1939; x_wconf 90' lang='lat' dir='ltr'>nunc</span> <span class='ocrx_word' id='word_1_367' title='bbox 1258 1895 1502 1947; x_wconf 88' lang='lat' dir='ltr'>lustrarent,</span> <span class='ocrx_word' id='word_1_368' title='bbox 1535 1907 1590 1937; x_wconf 89' lang='lat' dir='ltr'>ac</span> <span class='ocrx_word' id='word_1_369' title='bbox 1615 1894 1832 1939; x_wconf 88' lang='lat' dir='ltr'>lustratam</span> <span class='ocrx_word' id='word_1_370' title='bbox 1860 1886 1954 1948; x_wconf 83' lang='lat' dir='ltr'>post</span> <span class='ocrx_word' id='word_1_371' title='bbox 1983 1892 2339 1940; x_wconf 81' lang='lat' dir='ltr'>consultationem</span> 
     </span>
     <span class='ocr_line' id='line_1_31' title="bbox 371 1958 1113 1993; baseline 0 -2"><span class='ocrx_word' id='word_1_372' title='bbox 371 1961 426 1991; x_wconf 83' lang='lat' dir='ltr'>ex</span> <span class='ocrx_word' id='word_1_373' title='bbox 462 1958 689 1993; x_wconf 87' lang='lat' dir='ltr'>romerent.</span> <span class='ocrx_word' id='word_1_374' title='bbox 1106 1964 1113 1966; x_wconf 48' lang='lat'><em>⁷</em></span> 
     </span>
     <span class='ocr_line' id='line_1_32' title="bbox 426 1961 2349 2063; baseline -0.002 -18"><span class='ocrx_word' id='word_1_375' title='bbox 426 1961 525 2060; x_wconf 50' lang='grc' dir='ltr'>ξφ.</span> <span class='ocrx_word' id='word_1_376' title='bbox 557 2003 655 2046; x_wconf 90' lang='lat' dir='ltr'>Post</span> <span class='ocrx_word' id='word_1_377' title='bbox 695 2004 1061 2051; x_wconf 88' lang='lat' dir='ltr'>Consultationem</span> <span class='ocrx_word' id='word_1_378' title='bbox 1102 2005 1246 2051; x_wconf 61' lang='lat' dir='ltr'>Parma</span> <span class='ocrx_word' id='word_1_379' title='bbox 1290 2006 1509 2060; x_wconf 68' lang='lat' dir='ltr'>Conons,</span> <span class='ocrx_word' id='word_1_380' title='bbox 1540 2018 1635 2063; x_wconf 72' lang='lat' dir='ltr'>quaa</span> <span class='ocrx_word' id='word_1_381' title='bbox 1672 2017 1696 2048; x_wconf 93' lang='lat' dir='ltr'>e</span> <span class='ocrx_word' id='word_1_382' title='bbox 1726 2003 2022 2061; x_wconf 81' lang='lat' dir='ltr'>septentrione</span> <span class='ocrx_word' id='word_1_383' title='bbox 2052 2011 2167 2057; x_wconf 87' lang='lat' dir='ltr'>erat,</span> <span class='ocrx_word' id='word_1_384' title='bbox 2196 2003 2349 2057; x_wconf 79' lang='lat' dir='ltr'>dixit.,:</span> 
     </span>
     <span class='ocr_line' id='line_1_33' title="bbox 371 2057 2338 2159; baseline 0.002 -60"><span class='ocrx_word' id='word_1_385' title='bbox 371 2059 486 2114; x_wconf 85' lang='lat' dir='ltr'>quod</span> <span class='ocrx_word' id='word_1_386' title='bbox 513 2057 724 2120; x_wconf 81' lang='lat' dir='ltr'>Gaudium</span> <span class='ocrx_word' id='word_1_387' title='bbox 745 2060 922 2104; x_wconf 87' lang='lat' dir='ltr'>Caeleste</span> <span class='ocrx_word' id='word_1_388' title='bbox 936 2090 949 2112; x_wconf 95' lang='lat'>,</span> <span class='ocrx_word' id='word_1_389' title='bbox 985 2062 1026 2106; x_wconf 87' lang='lat'>&amp;</span> <span class='ocrx_word' id='word_1_390' title='bbox 1048 2060 1248 2104; x_wconf 89' lang='lat' dir='ltr'>Felicitas</span> <span class='ocrx_word' id='word_1_391' title='bbox 1268 2071 1425 2106; x_wconf 85' lang='lat' dir='ltr'>aetcrna</span> <span class='ocrx_word' id='word_1_392' title='bbox 1438 2093 1454 2115; x_wconf 94' lang='lat'>,</span> <span class='ocrx_word' id='word_1_393' title='bbox 1482 2062 1562 2106; x_wconf 88' lang='lat' dir='ltr'>fint</span> <span class='ocrx_word' id='word_1_394' title='bbox 1585 2073 1714 2106; x_wconf 90' lang='lat' dir='ltr'>unum</span> <span class='ocrx_word' id='word_1_395' title='bbox 1749 2073 1846 2104; x_wconf 91' lang='lat' dir='ltr'>cum</span> <span class='ocrx_word' id='word_1_396' title='bbox 1865 2059 1955 2159; x_wconf 52' lang='lat' dir='ltr'>{psa</span> <span class='ocrx_word' id='word_1_397' title='bbox 1973 2060 2067 2103; x_wconf 87' lang='lat' dir='ltr'>vita·</span> <span class='ocrx_word' id='word_1_398' title='bbox 2078 2059 2209 2112; x_wconf 48' lang='lat' dir='ltr'>Caelia</span> <span class='ocrx_word' id='word_1_399' title='bbox 2231 2071 2338 2115; x_wconf 87' lang='lat' dir='ltr'>qua-</span> 
     </span>
     <span class='ocr_line' id='line_1_34' title="bbox 366 2112 2341 2173; baseline 0.002 -18"><span class='ocrx_word' id='word_1_400' title='bbox 366 2124 426 2173; x_wconf 44' lang='lat' dir='ltr'>re·</span> <span class='ocrx_word' id='word_1_401' title='bbox 444 2112 725 2169; x_wconf 83' lang='lat' dir='ltr'>unusquisque</span> <span class='ocrx_word' id='word_1_402' title='bbox 741 2145 755 2166; x_wconf 87' lang='lat'>,</span> <span class='ocrx_word' id='word_1_403' title='bbox 787 2115 858 2170; x_wconf 89' lang='lat' dir='ltr'>qui</span> <span class='ocrx_word' id='word_1_404' title='bbox 890 2116 1019 2163; x_wconf 88' lang='lat' dir='ltr'>intrat</span> <span class='ocrx_word' id='word_1_405' title='bbox 1042 2115 1205 2160; x_wconf 86' lang='lat' dir='ltr'>Caelum</span> <span class='ocrx_word' id='word_1_406' title='bbox 1222 2147 1235 2168; x_wconf 96' lang='lat'>,</span> <span class='ocrx_word' id='word_1_407' title='bbox 1264 2117 1402 2172; x_wconf 89' lang='lat' dir='ltr'>quoad</span> <span class='ocrx_word' id='word_1_408' title='bbox 1425 2118 1562 2161; x_wconf 91' lang='lat' dir='ltr'>vitam</span> <span class='ocrx_word' id='word_1_409' title='bbox 1585 2116 1717 2160; x_wconf 89' lang='lat' dir='ltr'>intrat</span> <span class='ocrx_word' id='word_1_410' title='bbox 1744 2115 1791 2158; x_wconf 82' lang='lat' dir='ltr'>in&#39;</span> <span class='ocrx_word' id='word_1_411' title='bbox 1818 2114 1864 2157; x_wconf 87' lang='lat' dir='ltr'>fe</span> <span class='ocrx_word' id='word_1_412' title='bbox 1902 2114 2079 2157; x_wconf 79' lang='lat' dir='ltr'>&#39;vita-tes</span> <span class='ocrx_word' id='word_1_413' title='bbox 2104 2115 2215 2168; x_wconf 64' lang='lat' dir='ltr'>eius,</span> <span class='ocrx_word' id='word_1_414' title='bbox 2248 2126 2341 2158; x_wconf 72' lang='lat' dir='ltr'>non</span> 
     </span>
     <span class='ocr_line' id='line_1_35' title="bbox 371 2167 2344 2228; baseline -0.001 -19"><span class='ocrx_word' id='word_1_415' title='bbox 371 2167 496 2228; x_wconf 80' lang='lat' dir='ltr'>aliter</span> <span class='ocrx_word' id='word_1_416' title='bbox 518 2179 640 2223; x_wconf 90' lang='lat' dir='ltr'>quam</span> <span class='ocrx_word' id='word_1_417' title='bbox 666 2169 734 2223; x_wconf 91' lang='lat' dir='ltr'>qui</span> <span class='ocrx_word' id='word_1_418' title='bbox 757 2169 887 2212; x_wconf 83' lang='lat' dir='ltr'>intrat</span> <span class='ocrx_word' id='word_1_419' title='bbox 906 2171 948 2213; x_wconf 88' lang='lat' dir='ltr'>in</span> <span class='ocrx_word' id='word_1_420' title='bbox 967 2171 1159 2225; x_wconf 89' lang='lat' dir='ltr'>nuptias,</span> <span class='ocrx_word' id='word_1_421' title='bbox 1190 2171 1319 2214; x_wconf 90' lang='lat' dir='ltr'>intrat</span> <span class='ocrx_word' id='word_1_422' title='bbox 1344 2172 1383 2215; x_wconf 92' lang='lat' dir='ltr'>in</span> <span class='ocrx_word' id='word_1_423' title='bbox 1406 2172 1556 2216; x_wconf 87' lang='lat' dir='ltr'>harum</span> <span class='ocrx_word' id='word_1_424' title='bbox 1577 2170 1854 2222; x_wconf 83' lang='lat' dir='ltr'>festivitates3</span> <span class='ocrx_word' id='word_1_425' title='bbox 1871 2168 1982 2212; x_wconf 86' lang='lat' dir='ltr'>estne</span> <span class='ocrx_word' id='word_1_426' title='bbox 2001 2168 2169 2213; x_wconf 86' lang='lat' dir='ltr'>Caelum</span> <span class='ocrx_word' id='word_1_427' title='bbox 2189 2179 2344 2212; x_wconf 83' lang='lat' dir='ltr'>coram.</span> 
     </span>
     <span class='ocr_line' id='line_1_36' title="bbox 366 2219 2335 2278; baseline 0 -15"><span class='ocrx_word' id='word_1_428' title='bbox 366 2219 462 2264; x_wconf 83' lang='lat' dir='ltr'>visu</span> <span class='ocrx_word' id='word_1_429' title='bbox 488 2221 630 2265; x_wconf 92' lang='lat' dir='ltr'>nostro</span> <span class='ocrx_word' id='word_1_430' title='bbox 654 2222 776 2278; x_wconf 91' lang='lat' dir='ltr'>supra</span> <span class='ocrx_word' id='word_1_431' title='bbox 797 2236 899 2276; x_wconf 93' lang='lat' dir='ltr'>nos,</span> <span class='ocrx_word' id='word_1_432' title='bbox 932 2225 990 2267; x_wconf 91' lang='lat' dir='ltr'>ita</span> <span class='ocrx_word' id='word_1_433' title='bbox 1007 2225 1049 2267; x_wconf 90' lang='lat' dir='ltr'>in</span> <span class='ocrx_word' id='word_1_434' title='bbox 1079 2225 1205 2278; x_wconf 90' lang='lat' dir='ltr'>loco,</span> <span class='ocrx_word' id='word_1_435' title='bbox 1240 2238 1290 2268; x_wconf 91' lang='lat' dir='ltr'>ac</span> <span class='ocrx_word' id='word_1_436' title='bbox 1311 2225 1369 2270; x_wconf 90' lang='lat' dir='ltr'>ibi</span> <span class='ocrx_word' id='word_1_437' title='bbox 1391 2228 1431 2271; x_wconf 68' lang='grc' dir='ltr'>ὅς</span> <span class='ocrx_word' id='word_1_438' title='bbox 1453 2239 1535 2272; x_wconf 90' lang='lat' dir='ltr'>non</span> <span class='ocrx_word' id='word_1_439' title='bbox 1567 2223 1665 2268; x_wconf 88' lang='lat' dir='ltr'>alibi</span> <span class='ocrx_word' id='word_1_440' title='bbox 1695 2223 1791 2268; x_wconf 91' lang='lat' dir='ltr'>sunt</span> <span class='ocrx_word' id='word_1_441' title='bbox 1826 2222 2061 2268; x_wconf 88' lang='lat' dir='ltr'>faustitates</span> <span class='ocrx_word' id='word_1_442' title='bbox 2090 2221 2213 2276; x_wconf 89' lang='lat' dir='ltr'>supra</span> <span class='ocrx_word' id='word_1_443' title='bbox 2241 2221 2335 2264; x_wconf 90' lang='lat' dir='ltr'>fau-</span> 
     </span>
     <span class='ocr_line' id='line_1_37' title="bbox 363 2275 2339 2335; baseline -0.001 -16"><span class='ocrx_word' id='word_1_444' title='bbox 363 2275 549 2327; x_wconf 80' lang='lat' dir='ltr'>stitateS,</span> <span class='ocrx_word' id='word_1_445' title='bbox 584 2290 643 2320; x_wconf 84' lang='lat' dir='ltr'>ac</span> <span class='ocrx_word' id='word_1_446' title='bbox 659 2279 904 2333; x_wconf 90' lang='lat' dir='ltr'>voluptates</span> <span class='ocrx_word' id='word_1_447' title='bbox 927 2279 1046 2335; x_wconf 90' lang='lat' dir='ltr'>supra</span> <span class='ocrx_word' id='word_1_448' title='bbox 1068 2280 1313 2335; x_wconf 86' lang='lat' dir='ltr'>voluptates</span> <span class='ocrx_word' id='word_1_449' title='bbox 1322 2294 1338 2334; x_wconf 83' lang='lat'>3</span> <span class='ocrx_word' id='word_1_450' title='bbox 1369 2282 1411 2325; x_wconf 92' lang='lat' dir='ltr'>in</span> <span class='ocrx_word' id='word_1_451' title='bbox 1432 2283 1504 2325; x_wconf 90' lang='lat' dir='ltr'>has</span> <span class='ocrx_word' id='word_1_452' title='bbox 1522 2280 1701 2324; x_wconf 87' lang='lat' dir='ltr'>infertur</span> <span class='ocrx_word' id='word_1_453' title='bbox 1730 2280 1862 2323; x_wconf 93' lang='lat' dir='ltr'>homo</span> <span class='ocrx_word' id='word_1_454' title='bbox 1887 2278 2024 2335; x_wconf 88' lang='lat' dir='ltr'>quoad</span> <span class='ocrx_word' id='word_1_455' title='bbox 2051 2288 2216 2320; x_wconf 90' lang='lat' dir='ltr'>omnem</span> <span class='ocrx_word' id='word_1_456' title='bbox 2241 2287 2339 2332; x_wconf 88' lang='lat' dir='ltr'>per-</span> 
     </span>
     <span class='ocr_line' id='line_1_38' title="bbox 368 2330 2337 2390; baseline -0.001 -17"><span class='ocrx_word' id='word_1_457' title='bbox 368 2331 608 2386; x_wconf 88' lang='lat' dir='ltr'>ceptionem</span> <span class='ocrx_word' id='word_1_458' title='bbox 634 2333 812 2386; x_wconf 88' lang='lat' dir='ltr'>mentis,</span> <span class='ocrx_word' id='word_1_459' title='bbox 844 2336 884 2379; x_wconf 85' lang='lat'>&amp;</span> <span class='ocrx_word' id='word_1_460' title='bbox 905 2333 1044 2390; x_wconf 91' lang='lat' dir='ltr'>quoad</span> <span class='ocrx_word' id='word_1_461' title='bbox 1068 2346 1235 2379; x_wconf 89' lang='lat' dir='ltr'>omnem</span> <span class='ocrx_word' id='word_1_462' title='bbox 1260 2335 1534 2380; x_wconf 90' lang='lat' dir='ltr'>sensationem</span> <span class='ocrx_word' id='word_1_463' title='bbox 1555 2333 1773 2390; x_wconf 89' lang='lat' dir='ltr'>corporis,</span> <span class='ocrx_word' id='word_1_464' title='bbox 1804 2346 1857 2376; x_wconf 82' lang='lat' dir='ltr'>ex</span> <span class='ocrx_word' id='word_1_465' title='bbox 1889 2331 2145 2389; x_wconf 89' lang='lat' dir='ltr'>plenitudine</span> <span class='ocrx_word' id='word_1_466' title='bbox 2165 2330 2337 2385; x_wconf 89' lang='lat' dir='ltr'>gaudio-</span> 
     </span>
     <span class='ocr_line' id='line_1_39' title="bbox 368 2385 2338 2445; baseline 0 -19"><span class='ocrx_word' id='word_1_467' title='bbox 368 2397 464 2428; x_wconf 84' lang='lat' dir='ltr'>rum</span> <span class='ocrx_word' id='word_1_468' title='bbox 495 2386 581 2428; x_wconf 91' lang='lat' dir='ltr'>loci</span> <span class='ocrx_word' id='word_1_469' title='bbox 611 2386 746 2440; x_wconf 90' lang='lat' dir='ltr'>istius,</span> <span class='ocrx_word' id='word_1_470' title='bbox 781 2401 879 2432; x_wconf 90' lang='lat' dir='ltr'>cum</span> <span class='ocrx_word' id='word_1_471' title='bbox 907 2390 949 2432; x_wconf 92' lang='lat' dir='ltr'>in</span> <span class='ocrx_word' id='word_1_472' title='bbox 979 2388 1164 2433; x_wconf 86' lang='lat' dir='ltr'>Caelum:</span> <span class='ocrx_word' id='word_1_473' title='bbox 1198 2403 1326 2445; x_wconf 85' lang='lat' dir='ltr'>quare</span> <span class='ocrx_word' id='word_1_474' title='bbox 1345 2390 1530 2435; x_wconf 89' lang='lat' dir='ltr'>felicitas</span> <span class='ocrx_word' id='word_1_475' title='bbox 1554 2388 1753 2439; x_wconf 74' lang='lat' dir='ltr'>caelestiS,</span> <span class='ocrx_word' id='word_1_476' title='bbox 1786 2401 1879 2443; x_wconf 84' lang='lat' dir='ltr'>quae</span> <span class='ocrx_word' id='word_1_477' title='bbox 1910 2387 2038 2431; x_wconf 86' lang='lat' dir='ltr'>etiam</span> <span class='ocrx_word' id='word_1_478' title='bbox 2063 2385 2122 2429; x_wconf 90' lang='lat' dir='ltr'>est</span> <span class='ocrx_word' id='word_1_479' title='bbox 2148 2395 2303 2429; x_wconf 68' lang='lat' dir='ltr'>aeterna</span> <span class='ocrx_word' id='word_1_480' title='bbox 2314 2416 2338 2437; x_wconf 81' lang='lat'>‚.</span> 
     </span>
     <span class='ocr_line' id='line_1_40' title="bbox 366 2439 2339 2500; baseline -0.001 -17"><span class='ocrx_word' id='word_1_481' title='bbox 366 2451 464 2500; x_wconf 44' lang='lat' dir='ltr'>non·</span> <span class='ocrx_word' id='word_1_482' title='bbox 481 2440 592 2482; x_wconf 88' lang='lat' dir='ltr'>aliud</span> <span class='ocrx_word' id='word_1_483' title='bbox 620 2441 679 2485; x_wconf 87' lang='lat' dir='ltr'>est</span> <span class='ocrx_word' id='word_1_484' title='bbox 707 2455 833 2498; x_wconf 86' lang='lat' dir='ltr'>quam</span> <span class='ocrx_word' id='word_1_485' title='bbox 862 2443 1118 2488; x_wconf 85' lang='lat' dir='ltr'>intromissio.</span> <span class='ocrx_word' id='word_1_486' title='bbox 1140 2444 1182 2486; x_wconf 92' lang='lat' dir='ltr'>in</span> <span class='ocrx_word' id='word_1_487' title='bbox 1205 2445 1368 2488; x_wconf 87' lang='lat' dir='ltr'>Caelum</span> <span class='ocrx_word' id='word_1_488' title='bbox 1380 2477 1396 2499; x_wconf 84' lang='lat'>,</span> <span class='ocrx_word' id='word_1_489' title='bbox 1430 2459 1481 2488; x_wconf 92' lang='lat' dir='ltr'>ac</span> <span class='ocrx_word' id='word_1_490' title='bbox 1510 2442 1761 2487; x_wconf 85' lang='lat' dir='ltr'>intromiffio</span> <span class='ocrx_word' id='word_1_491' title='bbox 1776 2453 1830 2483; x_wconf 83' lang='lat' dir='ltr'>ex</span> <span class='ocrx_word' id='word_1_492' title='bbox 1851 2441 2014 2485; x_wconf 81' lang='lat' dir='ltr'>Divina</span> <span class='ocrx_word' id='word_1_493' title='bbox 2036 2439 2201 2483; x_wconf 81' lang='lat' dir='ltr'>Gratia.</span> <span class='ocrx_word' id='word_1_494' title='bbox 2248 2440 2339 2483; x_wconf 87' lang='lat' dir='ltr'>His</span> 
     </span>
     <span class='ocr_line' id='line_1_41' title="bbox 366 2493 2334 2552; baseline 0.002 -17"><span class='ocrx_word' id='word_1_495' title='bbox 366 2493 507 2543; x_wconf 62' lang='lat' dir='ltr'>dictis,</span> <span class='ocrx_word' id='word_1_496' title='bbox 537 2494 714 2538; x_wconf 78' lang='lat' dir='ltr'><strong>ALTERA</strong></span> <span class='ocrx_word' id='word_1_497' title='bbox 741 2493 925 2539; x_wconf 73' lang='lat' dir='ltr'>‘Conons</span> <span class='ocrx_word' id='word_1_498' title='bbox 948 2509 1001 2538; x_wconf 83' lang='lat' dir='ltr'>ex</span> <span class='ocrx_word' id='word_1_499' title='bbox 1019 2498 1309 2552; x_wconf 88' lang='lat' dir='ltr'>Septentrione</span> <span class='ocrx_word' id='word_1_500' title='bbox 1327 2513 1381 2542; x_wconf 85' lang='lat' dir='ltr'>ex</span> <span class='ocrx_word' id='word_1_501' title='bbox 1404 2499 1474 2541; x_wconf 89' lang='lat' dir='ltr'>sua</span> <span class='ocrx_word' id='word_1_502' title='bbox 1504 2496 1702 2552; x_wconf 85' lang='lat' dir='ltr'>sapientia</span> <span class='ocrx_word' id='word_1_503' title='bbox 1724 2496 1952 2550; x_wconf 78' lang='lat' dir='ltr'>expromfit</span> <span class='ocrx_word' id='word_1_504' title='bbox 1983 2496 2067 2538; x_wconf 90' lang='lat' dir='ltr'>hoc</span> <span class='ocrx_word' id='word_1_505' title='bbox 2089 2494 2334 2548; x_wconf 42' lang='lat' dir='ltr'>aug-‚urium3</span> 
     </span>
     <span class='ocr_line' id='line_1_42' title="bbox 364 2547 2332 2606; baseline -0.001 -15"><span class='ocrx_word' id='word_1_506' title='bbox 364 2547 578 2591; x_wconf 89' lang='lat' dir='ltr'>Gaudium</span> <span class='ocrx_word' id='word_1_507' title='bbox 610 2548 785 2592; x_wconf 87' lang='lat' dir='ltr'>Caeleste</span> <span class='ocrx_word' id='word_1_508' title='bbox 810 2552 850 2595; x_wconf 73' lang='grc' dir='ltr'>δε</span> <span class='ocrx_word' id='word_1_509' title='bbox 880 2548 1079 2594; x_wconf 85' lang='lat' dir='ltr'>Felicitas</span> <span class='ocrx_word' id='word_1_510' title='bbox 1102 2562 1260 2595; x_wconf 85' lang='lat' dir='ltr'>aeterna</span> <span class='ocrx_word' id='word_1_511' title='bbox 1290 2565 1374 2596; x_wconf 92' lang='lat' dir='ltr'>non</span> <span class='ocrx_word' id='word_1_512' title='bbox 1405 2551 1518 2595; x_wconf 82' lang='lat' dir='ltr'>aliud</span> <span class='ocrx_word' id='word_1_513' title='bbox 1546 2550 1641 2594; x_wconf 89' lang='lat' dir='ltr'>sunt</span> <span class='ocrx_word' id='word_1_514' title='bbox 1661 2581 1678 2603; x_wconf 89' lang='lat'>,</span> <span class='ocrx_word' id='word_1_515' title='bbox 1723 2563 1849 2606; x_wconf 90' lang='lat' dir='ltr'>quam</span> <span class='ocrx_word' id='word_1_516' title='bbox 1876 2549 2081 2593; x_wconf 84' lang='lat' dir='ltr'>laetiffima</span> <span class='ocrx_word' id='word_1_517' title='bbox 2104 2547 2332 2593; x_wconf 82' lang='lat' dir='ltr'>Consortia</span> 
     </span>
     <span class='ocr_line' id='line_1_43' title="bbox 367 2602 2332 2659; baseline 0.001 -15"><span class='ocrx_word' id='word_1_518' title='bbox 367 2614 464 2645; x_wconf 86' lang='lat' dir='ltr'>cum</span> <span class='ocrx_word' id='word_1_519' title='bbox 485 2602 681 2659; x_wconf 88' lang='lat' dir='ltr'>Angelis,</span> <span class='ocrx_word' id='word_1_520' title='bbox 713 2604 754 2647; x_wconf 86' lang='lat'>&amp;</span> <span class='ocrx_word' id='word_1_521' title='bbox 772 2602 1017 2648; x_wconf 86' lang='lat' dir='ltr'>suaviffimae</span> <span class='ocrx_word' id='word_1_522' title='bbox 1041 2604 1417 2652; x_wconf 87' lang='lat' dir='ltr'>Confabulationes</span> <span class='ocrx_word' id='word_1_523' title='bbox 1437 2619 1533 2649; x_wconf 91' lang='lat' dir='ltr'>curn</span> <span class='ocrx_word' id='word_1_524' title='bbox 1558 2605 1668 2656; x_wconf 90' lang='lat' dir='ltr'>illis,</span> <span class='ocrx_word' id='word_1_525' title='bbox 1699 2617 1752 2647; x_wconf 83' lang='lat' dir='ltr'>ex</span> <span class='ocrx_word' id='word_1_526' title='bbox 1779 2604 1930 2659; x_wconf 90' lang='lat' dir='ltr'>quibus</span> <span class='ocrx_word' id='word_1_527' title='bbox 1956 2602 2112 2647; x_wconf 82' lang='lat' dir='ltr'>Facies·</span> <span class='ocrx_word' id='word_1_528' title='bbox 2132 2603 2332 2646; x_wconf 85' lang='lat' dir='ltr'>continue</span> 
     </span>
     <span class='ocr_line' id='line_1_44' title="bbox 362 2655 2335 2711; baseline 0.002 -13"><span class='ocrx_word' id='word_1_529' title='bbox 362 2655 554 2711; x_wconf 84' lang='lat' dir='ltr'>expansae</span> <span class='ocrx_word' id='word_1_530' title='bbox 586 2667 779 2701; x_wconf 91' lang='lat' dir='ltr'>tenentur</span> <span class='ocrx_word' id='word_1_531' title='bbox 807 2658 847 2701; x_wconf 90' lang='lat' dir='ltr'>in</span> <span class='ocrx_word' id='word_1_532' title='bbox 873 2658 1058 2710; x_wconf 87' lang='lat' dir='ltr'>laetitiis,</span> <span class='ocrx_word' id='word_1_533' title='bbox 1090 2660 1131 2703; x_wconf 88' lang='lat'>&amp;</span> <span class='ocrx_word' id='word_1_534' title='bbox 1151 2671 1225 2702; x_wconf 87' lang='lat' dir='ltr'>ora</span> <span class='ocrx_word' id='word_1_535' title='bbox 1245 2661 1375 2704; x_wconf 91' lang='lat' dir='ltr'>totius</span> <span class='ocrx_word' id='word_1_536' title='bbox 1408 2661 1610 2704; x_wconf 90' lang='lat' dir='ltr'>consortii</span> <span class='ocrx_word' id='word_1_537' title='bbox 1636 2659 1676 2702; x_wconf 89' lang='lat' dir='ltr'>in</span> <span class='ocrx_word' id='word_1_538' title='bbox 1706 2658 1852 2703; x_wconf 87' lang='lat' dir='ltr'>rifibus</span> <span class='ocrx_word' id='word_1_539' title='bbox 1871 2657 2118 2703; x_wconf 88' lang='lat' dir='ltr'>amaenitatis</span> <span class='ocrx_word' id='word_1_540' title='bbox 2139 2670 2193 2700; x_wconf 84' lang='lat' dir='ltr'>ex</span> <span class='ocrx_word' id='word_1_541' title='bbox 2218 2657 2335 2701; x_wconf 85' lang='lat' dir='ltr'>blan-</span> 
     </span>
     <span class='ocr_line' id='line_1_45' title="bbox 362 2711 2327 2771; baseline 0.002 -19"><span class='ocrx_word' id='word_1_542' title='bbox 362 2711 559 2767; x_wconf 86' lang='lat' dir='ltr'>diloquiis</span> <span class='ocrx_word' id='word_1_543' title='bbox 589 2714 629 2756; x_wconf 73' lang='grc' dir='ltr'>ἀ</span> <span class='ocrx_word' id='word_1_544' title='bbox 659 2712 853 2765; x_wconf 88' lang='lat' dir='ltr'>facetiis;</span> <span class='ocrx_word' id='word_1_545' title='bbox 887 2715 926 2758; x_wconf 89' lang='lat'>&amp;</span> <span class='ocrx_word' id='word_1_546' title='bbox 949 2713 1046 2770; x_wconf 90' lang='lat' dir='ltr'>quid</span> <span class='ocrx_word' id='word_1_547' title='bbox 1070 2714 1220 2769; x_wconf 88' lang='lat' dir='ltr'>gaudia</span> <span class='ocrx_word' id='word_1_548' title='bbox 1245 2715 1422 2759; x_wconf 65' lang='lat' dir='ltr'>caelestia</span> <span class='ocrx_word' id='word_1_549' title='bbox 1449 2729 1579 2771; x_wconf 84' lang='lat' dir='ltr'>quam·</span> <span class='ocrx_word' id='word_1_550' title='bbox 1599 2714 1746 2757; x_wconf 88' lang='lat' dir='ltr'>talium</span> <span class='ocrx_word' id='word_1_551' title='bbox 1768 2713 2020 2756; x_wconf 86' lang='lat' dir='ltr'>variationes</span> <span class='ocrx_word' id='word_1_552' title='bbox 2040 2712 2087 2755; x_wconf 73' lang='lat' dir='ltr'>in&#39;</span> <span class='ocrx_word' id='word_1_553' title='bbox 2106 2722 2327 2755; x_wconf 87' lang='lat' dir='ltr'>aeternum.</span> 
     </span>
     <span class='ocr_line' id='line_1_46' title="bbox 361 2764 2332 2826; baseline 0.001 -18"><span class='ocrx_word' id='word_1_554' title='bbox 361 2766 535 2810; x_wconf 76' lang='lat' dir='ltr'>TER&#39;HA</span> <span class='ocrx_word' id='word_1_555' title='bbox 565 2766 764 2819; x_wconf 76' lang='lat' dir='ltr'>CoHoRs,</span> <span class='ocrx_word' id='word_1_556' title='bbox 795 2780 889 2824; x_wconf 86' lang='lat' dir='ltr'>quae</span> <span class='ocrx_word' id='word_1_557' title='bbox 908 2778 1000 2811; x_wconf 89' lang='lat' dir='ltr'>erat</span> <span class='ocrx_word' id='word_1_558' title='bbox 1032 2768 1171 2813; x_wconf 90' lang='lat' dir='ltr'>Prima</span> <span class='ocrx_word' id='word_1_559' title='bbox 1202 2781 1255 2812; x_wconf 77' lang='lat' dir='ltr'>ex</span> <span class='ocrx_word' id='word_1_560' title='bbox 1282 2769 1538 2826; x_wconf 39' lang='lat' dir='ltr'>sapientibus*</span> <span class='ocrx_word' id='word_1_561' title='bbox 1568 2783 1593 2811; x_wconf 92' lang='lat' dir='ltr'>e</span> <span class='ocrx_word' id='word_1_562' title='bbox 1627 2768 1756 2823; x_wconf 87' lang='lat' dir='ltr'>Plaga</span> <span class='ocrx_word' id='word_1_563' title='bbox 1777 2766 2051 2818; x_wconf 88' lang='lat' dir='ltr'>occidentali,</span> <span class='ocrx_word' id='word_1_564' title='bbox 2081 2778 2135 2808; x_wconf 84' lang='lat' dir='ltr'>ex</span> <span class='ocrx_word' id='word_1_565' title='bbox 2165 2764 2332 2810; x_wconf 87' lang='lat' dir='ltr'>suarum</span> 
     </span>
     <span class='ocr_line' id='line_1_47' title="bbox 361 2818 2333 2881; baseline 0.002 -19"><span class='ocrx_word' id='word_1_566' title='bbox 361 2818 629 2881; x_wconf 68' lang='lat' dir='ltr'>affectionum</span> <span class='ocrx_word' id='word_1_567' title='bbox 653 2822 984 2876; x_wconf 86' lang='lat' dir='ltr'>cogitationibus</span> <span class='ocrx_word' id='word_1_568' title='bbox 1013 2822 1142 2866; x_wconf 89' lang='lat' dir='ltr'>edidit</span> <span class='ocrx_word' id='word_1_569' title='bbox 1167 2824 1276 2868; x_wconf 88' lang='lat' dir='ltr'>hoc:</span> <span class='ocrx_word' id='word_1_570' title='bbox 1308 2825 1405 2881; x_wconf 88' lang='lat' dir='ltr'>quid</span> <span class='ocrx_word' id='word_1_571' title='bbox 1437 2824 1648 2869; x_wconf 82' lang='lat' dir='ltr'>Gaudium</span> <span class='ocrx_word' id='word_1_572' title='bbox 1673 2821 1850 2866; x_wconf 88' lang='lat' dir='ltr'>Caeleste</span> <span class='ocrx_word' id='word_1_573' title='bbox 1883 2823 1924 2866; x_wconf 71' lang='grc' dir='ltr'>ὅ(</span> <span class='ocrx_word' id='word_1_574' title='bbox 1943 2819 2142 2864; x_wconf 79' lang='lat' dir='ltr'>Felicitas</span> <span class='ocrx_word' id='word_1_575' title='bbox 2175 2832 2333 2865; x_wconf 68' lang='lat' dir='ltr'>:aterna</span> 
     </span>
     <span class='ocr_line' id='line_1_48' title="bbox 365 2875 2329 2932; baseline 0.003 -17"><span class='ocrx_word' id='word_1_576' title='bbox 365 2875 498 2928; x_wconf 85' lang='lat' dir='ltr'>ahud,</span> <span class='ocrx_word' id='word_1_577' title='bbox 531 2889 657 2931; x_wconf 89' lang='lat' dir='ltr'>quam</span> <span class='ocrx_word' id='word_1_578' title='bbox 686 2877 962 2932; x_wconf 89' lang='lat' dir='ltr'>Epulationes</span> <span class='ocrx_word' id='word_1_579' title='bbox 983 2891 1080 2921; x_wconf 89' lang='lat' dir='ltr'>cum</span> <span class='ocrx_word' id='word_1_580' title='bbox 1108 2878 1372 2932; x_wconf 87' lang='lat' dir='ltr'>Abrahamo,</span> <span class='ocrx_word' id='word_1_581' title='bbox 1404 2879 1550 2932; x_wconf 91' lang='lat' dir='ltr'>Isac0‚</span> <span class='ocrx_word' id='word_1_582' title='bbox 1585 2880 1625 2922; x_wconf 87' lang='lat'>&amp;</span> <span class='ocrx_word' id='word_1_583' title='bbox 1668 2875 1828 2927; x_wconf 89' lang='lat' dir='ltr'>acobo,</span> <span class='ocrx_word' id='word_1_584' title='bbox 1864 2876 1987 2932; x_wconf 88' lang='lat' dir='ltr'>super</span> <span class='ocrx_word' id='word_1_585' title='bbox 2012 2888 2193 2932; x_wconf 89' lang='lat' dir='ltr'>quorum</span> <span class='ocrx_word' id='word_1_586' title='bbox 2206 2878 2329 2920; x_wconf 89' lang='lat' dir='ltr'>Men·</span> 
     </span>
     <span class='ocr_line' id='line_1_49' title="bbox 363 2928 2330 2997; baseline 0.002 -26"><span class='ocrx_word' id='word_1_587' title='bbox 363 2928 414 2971; x_wconf 86' lang='lat' dir='ltr'>fis</span> <span class='ocrx_word' id='word_1_588' title='bbox 434 2940 554 2972; x_wconf 87' lang='lat' dir='ltr'>erunt</span> <span class='ocrx_word' id='word_1_589' title='bbox 581 2931 734 2974; x_wconf 88' lang='lat' dir='ltr'>Edulia</span> <span class='ocrx_word' id='word_1_590' title='bbox 759 2932 943 2976; x_wconf 89' lang='lat' dir='ltr'>delicata</span> <span class='ocrx_word' id='word_1_591' title='bbox 970 2934 1010 2978; x_wconf 70' lang='lat' dir='ltr'>Gt</span> <span class='ocrx_word' id='word_1_592' title='bbox 1035 2932 1231 2988; x_wconf 89' lang='lat' dir='ltr'>opipara,</span> <span class='ocrx_word' id='word_1_593' title='bbox 1263 2947 1314 2977; x_wconf 93' lang='lat' dir='ltr'>ac</span> <span class='ocrx_word' id='word_1_594' title='bbox 1335 2935 1441 2978; x_wconf 90' lang='lat' dir='ltr'>Vina</span> <span class='ocrx_word' id='word_1_595' title='bbox 1470 2944 1625 2997; x_wconf 80' lang='lat' dir='ltr'>genero</span> <span class='ocrx_word' id='word_1_596' title='bbox 1646 2945 1671 2973; x_wconf 90' lang='lat' dir='ltr'>a</span> <span class='ocrx_word' id='word_1_597' title='bbox 1700 2931 1740 2973; x_wconf 91' lang='lat'>&amp;</span> <span class='ocrx_word' id='word_1_598' title='bbox 1765 2930 1918 2977; x_wconf 76' lang='lat' dir='ltr'>nobilia</span> <span class='ocrx_word' id='word_1_599' title='bbox 1937 2961 1950 2983; x_wconf 89' lang='lat'>,</span> <span class='ocrx_word' id='word_1_600' title='bbox 1998 2933 2039 2975; x_wconf 70' lang='grc' dir='ltr'>ὅ(</span> <span class='ocrx_word' id='word_1_601' title='bbox 2066 2929 2157 2985; x_wconf 90' lang='lat' dir='ltr'>post</span> <span class='ocrx_word' id='word_1_602' title='bbox 2184 2931 2330 2986; x_wconf 91' lang='lat' dir='ltr'>epulas</span> 
     </span>
     <span class='ocr_line' id='line_1_50' title="bbox 360 2981 2329 3043; baseline 0 -17"><span class='ocrx_word' id='word_1_603' title='bbox 360 2982 470 3026; x_wconf 90' lang='lat' dir='ltr'>Ludi</span> <span class='ocrx_word' id='word_1_604' title='bbox 496 2997 546 3025; x_wconf 87' lang='lat' dir='ltr'>ac</span> <span class='ocrx_word' id='word_1_605' title='bbox 569 2985 750 3029; x_wconf 84' lang='lat' dir='ltr'>Choreae</span> <span class='ocrx_word' id='word_1_606' title='bbox 776 2981 1057 3043; x_wconf 72' lang='lat' dir='ltr'>virginum&#39;&amp;</span> <span class='ocrx_word' id='word_1_607' title='bbox 1084 2987 1285 3041; x_wconf 83' lang='lat' dir='ltr'>juvenum</span> <span class='ocrx_word' id='word_1_608' title='bbox 1320 2988 1560 3032; x_wconf 83' lang='lat' dir='ltr'>saltantium</span> <span class='ocrx_word' id='word_1_609' title='bbox 1587 2986 1638 3029; x_wconf 92' lang='lat' dir='ltr'>ad</span> <span class='ocrx_word' id='word_1_610' title='bbox 1667 2984 1815 3028; x_wconf 89' lang='lat' dir='ltr'>modos</span> <span class='ocrx_word' id='word_1_611' title='bbox 1841 2983 2181 3041; x_wconf 90' lang='lat' dir='ltr'>symphoniarum</span> <span class='ocrx_word' id='word_1_612' title='bbox 2208 2987 2248 3030; x_wconf 91' lang='lat'>&amp;</span> <span class='ocrx_word' id='word_1_613' title='bbox 2278 2986 2329 3027; x_wconf 91' lang='lat' dir='ltr'>ti-</span> 
     </span>
     <span class='ocr_line' id='line_1_51' title="bbox 361 3037 2329 3095; baseline 0.002 -15"><span class='ocrx_word' id='word_1_614' title='bbox 361 3037 552 3090; x_wconf 88' lang='lat' dir='ltr'>biarum,</span> <span class='ocrx_word' id='word_1_615' title='bbox 597 3039 822 3093; x_wconf 71' lang='lat' dir='ltr'>interJeffls</span> <span class='ocrx_word' id='word_1_616' title='bbox 859 3042 1053 3086; x_wconf 83' lang='lat' dir='ltr'>cantibus</span> <span class='ocrx_word' id='word_1_617' title='bbox 1089 3043 1263 3087; x_wconf 91' lang='lat' dir='ltr'>odarum</span> <span class='ocrx_word' id='word_1_618' title='bbox 1305 3042 1572 3087; x_wconf 85' lang='lat' dir='ltr'>suaviffimis:</span> <span class='ocrx_word' id='word_1_619' title='bbox 1604 3042 1644 3085; x_wconf 88' lang='lat'>&amp;</span> <span class='ocrx_word' id='word_1_620' title='bbox 1677 3040 1846 3083; x_wconf 88' lang='lat' dir='ltr'>demum</span> <span class='ocrx_word' id='word_1_621' title='bbox 1871 3040 1923 3082; x_wconf 93' lang='lat' dir='ltr'>ad</span> <span class='ocrx_word' id='word_1_622' title='bbox 1957 3040 2175 3095; x_wconf 91' lang='lat' dir='ltr'>vesperam</span> <span class='ocrx_word' id='word_1_623' title='bbox 2204 3049 2329 3083; x_wconf 90' lang='lat' dir='ltr'>erunt</span> 
     </span>
     <span class='ocr_line' id='line_1_52' title="bbox 358 3092 2321 3191; baseline 0.002 -58"><span class='ocrx_word' id='word_1_624' title='bbox 358 3092 607 3191; x_wconf 12' lang='lat' dir='ltr'>{fivetjtacula</span> <span class='ocrx_word' id='word_1_625' title='bbox 626 3106 677 3135; x_wconf 83' lang='lat' dir='ltr'>ex</span> <span class='ocrx_word' id='word_1_626' title='bbox 706 3096 963 3148; x_wconf 81' lang='lat' dir='ltr'>personatis3</span> <span class='ocrx_word' id='word_1_627' title='bbox 995 3100 1036 3143; x_wconf 68' lang='grc' dir='ltr'>ὅ(</span> <span class='ocrx_word' id='word_1_628' title='bbox 1050 3097 1157 3153; x_wconf 89' lang='lat' dir='ltr'>&#39;post</span> <span class='ocrx_word' id='word_1_629' title='bbox 1177 3098 1267 3142; x_wconf 84' lang='lat' dir='ltr'>haec</span> <span class='ocrx_word' id='word_1_630' title='bbox 1283 3099 1436 3141; x_wconf 88' lang='lat' dir='ltr'>iterum</span> <span class='ocrx_word' id='word_1_631' title='bbox 1459 3096 1607 3150; x_wconf 89' lang='lat' dir='ltr'>Epulae</span> <span class='ocrx_word' id='word_1_632' title='bbox 1620 3126 1635 3147; x_wconf 92' lang='lat'>,</span> <span class='ocrx_word' id='word_1_633' title='bbox 1653 3096 1691 3139; x_wconf 72' lang='grc' dir='ltr'>δε</span> <span class='ocrx_word' id='word_1_634' title='bbox 1711 3094 1768 3138; x_wconf 87' lang='lat' dir='ltr'>fic</span> <span class='ocrx_word' id='word_1_635' title='bbox 1788 3095 1942 3150; x_wconf 90' lang='lat' dir='ltr'>quovis</span> <span class='ocrx_word' id='word_1_636' title='bbox 1965 3095 2031 3137; x_wconf 90' lang='lat' dir='ltr'>die</span> <span class='ocrx_word' id='word_1_637' title='bbox 2049 3095 2090 3138; x_wconf 89' lang='lat' dir='ltr'>in</span> <span class='ocrx_word' id='word_1_638' title='bbox 2106 3103 2321 3138; x_wconf 80' lang='lat' dir='ltr'>aeternum.</span> 
     </span>
    </p>
   </div>
   <div class='ocr_carea' id='block_1_3' title="bbox 422 3147 2325 3248">
    <p class='ocr_par' dir='ltr' id='par_1_3' title="bbox 422 3147 2325 3248">
     <span class='ocr_line' id='line_1_53' title="bbox 422 3147 2325 3246; baseline -0.001 -56"><span class='ocrx_word' id='word_1_639' title='bbox 422 3159 440 3190; x_wconf 90' lang='lat' dir='ltr'>s</span> <span class='ocrx_word' id='word_1_640' title='bbox 459 3147 631 3202; x_wconf 69' lang='lat' dir='ltr'>edictis,</span> <span class='ocrx_word' id='word_1_641' title='bbox 665 3149 854 3211; x_wconf 75' lang='lat' dir='ltr'>QUARTA</span> <span class='ocrx_word' id='word_1_642' title='bbox 884 3152 1088 3207; x_wconf 70' lang='lat' dir='ltr'>Conona,</span> <span class='ocrx_word' id='word_1_643' title='bbox 1121 3164 1215 3210; x_wconf 83' lang='lat' dir='ltr'>quae</span> <span class='ocrx_word' id='word_1_644' title='bbox 1247 3161 1338 3199; x_wconf 84' lang='lat' dir='ltr'>erat</span> <span class='ocrx_word' id='word_1_645' title='bbox 1359 3151 1549 3199; x_wconf 87' lang='lat' dir='ltr'>Secunda</span> <span class='ocrx_word' id='word_1_646' title='bbox 1580 3162 1603 3194; x_wconf 89' lang='lat' dir='ltr'>e</span> <span class='ocrx_word' id='word_1_647' title='bbox 1631 3150 1759 3208; x_wconf 83' lang='lat' dir='ltr'>plaga</span> <span class='ocrx_word' id='word_1_648' title='bbox 1782 3149 2058 3206; x_wconf 78' lang='lat' dir='ltr'>occidentali,</span> <span class='ocrx_word' id='word_1_649' title='bbox 2089 3147 2325 3246; x_wconf 35' lang='lat' dir='ltr'>munti-igit</span> 
     </span>
     <span class='ocr_line' id='line_1_54' title="bbox 1219 3215 2323 3248; baseline -0.003 3"><span class='ocrx_word' id='word_1_650' title='bbox 1219 3218 1224 3222; x_wconf 83' lang='grc'><em>·</em></span> <span class='ocrx_word' id='word_1_651' title='bbox 1374 3221 1378 3223; x_wconf 93' lang='grc'><em>·</em></span> <span class='ocrx_word' id='word_1_652' title='bbox 2279 3215 2323 3248; x_wconf 86' lang='lat' dir='ltr'>m</span> 
     </span>
    </p>
   </div>
  </div>
 </body>
</html>
