2658 3698
367 283 486 353 4936
640 273 1304 336 UNIVERSA
1376 232 2164 334 T‘HEOLOG‘IA

390 405 534 450 facere
555 413 603 447 ut
628 405 756 447 homo
775 404 813 446 in
834 403 934 458 Ipso
954 403 1028 457 fit,
1059 416 1153 447 nam
1181 404 1238 448 sic
1259 402 1466 458 redigeret
1500 410 1639 446 totum
1659 401 1876 447 hominem
1907 403 1948 446 in
1974 405 2259 450 >tenuissimum
2295 405 2359 450 fu-

390 475 530 506 mum:
563 458 629 501 sed
647 459 746 515 ,quia
765 459 886 504 Deus
904 471 957 501 ex
982 457 1054 502 sua
1073 459 1244 503 essentia
1267 458 1365 502 arsit
1385 458 1712 502 amore-'uniendi
1727 455 1778 499 se
1798 469 1900 503 cum
1927 458 2117 514 homine,
2149 462 2361 506 necess'um

389 516 474 559 fuit
495 523 553 556 ut
584 511 625 554 se
649 512 980 557 circumvelaret
1002 527 1079 556 cor
1111 526 1183 557 ore
1210 514 1494 557 accomodate
1523 513 1575 556 ad
1598 512 1886 568 receptionem
1920 516 1960 558 &
1996 515 2360 569 conJ'untStionem3

391 581 518 626 quare
537 567 749 609 descendit
780 569 820 612 δε
841 567 1024 612 assumsit
1072 594 1075 598 -
1099 567 1542 615 umanumsecundum
1563 569 1764 612 Ordinem
1790 578 1843 608 ex
1864 565 1908 609 se
1927 581 1951 611 a
1978 568 2206 614 Creatione
2233 572 2358 617 Mun-

392 626 430 667 di
454 622 788 674 constabilitum,
822 623 1030 677 quierat,
1063 634 1113 666 ut
1140 638 1163 666 a
1191 625 1364 666 Virtute
1383 636 1408 666 a
1431 624 1484 667 Se
1516 632 1745 678 propagata
1775 623 2094 677 conciperetur,
2125 625 2357 682 gestaretur

388 681 428 724 in
451 687 599 729 utere,
632 676 899 729 nasceretur,
932 677 974 721 &
1004 677 1096 720 dein
1118 677 1327 724 cresceret
1347 676 1551 733 sapientia
1573 679 1614 721 δι
1642 686 1810 727 amore,
1853 678 1893 721 &
1912 676 1975 720 fic
1999 678 2361 733 *appropin‘uaret

392 734 443 777 ad
466 732 663 776 unionem
685 744 786 775 cum
805 730 965 776 Divina
982 730 1052 775 sua
1073 733 1271 788 Origine,
1295 734 1346 776 2&
1366 731 1480 787 quod
1493 731 1698 775 vsic'Deus
1716 729 1854 774 faetus
1872 732 1922 775 sit
1941 731 2115 785 Homo,
2148 745 2198 775 ac
2258 745 2359 781 omfo

389 789 534 839 Deus;
567 786 680 842 quod
703 786 762 829 ita
780 786 831 831 sit
848 816 862 839 ,
893 786 1185 842 Scripturade
1205 783 1331 843 spso,
1361 799 1456 842 quae
1483 784 1592 841 apud
1606 783 1861 829 Christianos
1882 785 1966 839 est,
1998 786 2040 830 &
2058 795 2240 831 vocatur
2255 791 2356 834 Ver-

388 844 515 895 bum,
549 839 762 885 manifeste
803 840 932 883 docet
964 844 1005 886 &
1038 841 1244 895 testatur,
1289 843 1332 886 δε
1360 840 1455 896 lpse
1481 841 1629 893 Deus,
1661 839 1733 896 qui
1767 839 1808 882 in
1833 840 2035 885 Humano
2067 839 2144 884 suo
2175 854 2358 889 vocatur

386 896 503 955 Jesus
531 895 718 940 Christus
735 927 749 949 ‚
780 895 884 939 dicit
900 927 913 948 ,
946 895 1059 953 quod
1079 897 1205 940 Pater
1224 898 1264 940 in
1293 894 1391 952 Ipso
1417 895 1495 949 fit,
1527 896 1568 940 &
1594 894 1689 952 Ipse
1710 895 1749 938 in
1772 895 1921 949 Patre,
1955 897 1996 941 δε
2017 896 2130 952 quod
2154 899 2225 954 qui
2243 899 2359 944 videt

386 951 556 1007 Ipsum,
592 951 743 1009 videat,
766 951 959 1004 Patrem,
992 961 1147 1006 praeter
1177 953 1298 1008 plura
1326 949 1507 1006 ejusdem
1533 950 1616 993 rei:
1665 950 2107 1013 Quod-Deuchujus
2132 953 2269 997 Amor
2300 955 2359 999 est

390 1008 498 1052 ficut
531 1005 767 1060 puriffimus
798 1005 934 1061 IgniS‚
967 1019 1051 1049 non
1075 1006 1195 1049 aliter
1217 1007 1407 1062 potuerit
1428 1007 1544 1049 unire
1572 1005 1624 1048 Se
1650 1005 1811 1049 homini
1843 1007 1883 1050 ὅ(
1909 1006 2120 1051 hommem
2140 1008 2259 1061 Sibi,
2293 1011 2356 1054 vi-

388 1063 462 1105 det
482 1063 612 1104 etiam
638 1062 789 1112 Rati03
821 1073 918 1104 num
943 1061 1081 1116 potest
1109 1061 1374 1118 IgnisvSolis‚
1407 1061 1540 1116 qualis
1561 1060 1601 1102 in
1625 1059 1666 1102 se
1693 1060 1775 1113 est,
1812 1069 1984 1116 tangere
2012 1060 2247 1117 hominem,
2279 1065 2356 1108 mi-

390 1131 470 1164 nus
494 1116 596 1161 inire
615 1116 760 1169 illum,
793 1115 863 1159 nisi
884 1116 1163 1160 circumvelet
1186 1116 1322 1170 radios
1343 1115 1441 1159 suos
1460 1113 1799 1171 athmosphaeris,
1831 1115 1874 1158 &
1893 1114 1950 1159 sic
1979 1127 2055 1171 per
2075 1125 2352 1172 temperatum

388 1172 573 1216 calorem
613 1169 655 1213 se
683 1170 1219 1215 accommodatumxsistatt
1259 1172 1378 1216 Num
1410 1170 1548 1225 potest
1578 1182 1707 1226 purus
1738 1169 1892 1213 AEther
1912 1169 2254 1215 circumfundere
2281 1175 2356 1217 ho-

385 1228 570 1278 minem,
604 1227 644 1271 &
665 1226 801 1269 minus
817 1225 991 1269 influere
1016 1226 1056 1268 in
1077 1226 1297 1272 bronchias
1319 1226 1565 1281 pulmonum
1582 1225 1676 1279 ejus
1696 1225 1766 1269 nisi
1805 1224 1977 1280 stipatus
2011 1237 2127 1278 aere,
2159 1228 2201 1271 ἃ
2226 1228 2284 1273 sic
2313 1229 2356 1285 se

388 1283 607 1336 adaptare;
623 1292 676 1324 ne
701 1279 868 1337 quidem
891 1280 1028 1336 potest
1042 1280 1172 1324 Piscis
1193 1280 1327 1325 vitam
1349 1279 1514 1322 trahere
1537 1279 1579 1322 in
1599 1291 1717 1330 aere,
1745 1277 1819 1335 sed
1837 1280 1877 1321 in
1893 1279 2124 1323 Elemento
2147 1281 2248 1326 virae
2266 1284 2354 1337 ejus

385 1336 633 1392 applicato:
665 1335 754 1379 imo
772 1347 823 1378 ne
848 1336 1012 1390 quidem
1034 1335 1171 1391 potest
1196 1336 1289 1379 Rex
1311 1335 1352 1377 in
1371 1334 1498 1386 =terris
1515 1334 1558 1375 in
1578 1331 1654 1374 sua
1677 1331 1854 1386 persona
1872 1332 1943 1375 seu
1964 1333 2349 1381 immediateadmi-

379 1390 556 1439 ⁴nistrare
576 1389 715 1433 omnia
741 1390 782 1433 &
808 1389 963 1446 singula
981 1391 1022 1433 in
1045 1389 1120 1432 suo
1147 1390 1317 1445 Regno,
1349 1387 1422 1431 nisi
1440 1399 1516 1443 per
1534 1386 1766 1429 Praefetleos
1788 1385 2024 1442 superiores
2044 1390 2086 1434 ὅ(
2106 1388 2345 1444 inferiores,

388 1447 459 1502 qui
483 1443 602 1489 simul
628 1444 804 1501 Regium
836 1443 966 1498 Ipsius
997 1444 1164 1499 Corpus
1193 1443 1463 1487 constituunt.
1523 1441 1675 1497 Neque
1705 1441 1844 1496 potest
1865 1442 2016 1486 Anima
2041 1443 2222 1488 hominis
2242 1446 2349 1492 sesi-

392 1503 498 1546 stere
525 1495 744 1543 videndam
771 1499 916 1550 alteri,
949 1498 1208 1541 consortium
1231 1498 1336 1541 inire
1354 1510 1452 1541 cum
1476 1495 1574 1549 illo,
1609 1498 1650 1540 '&
1677 1497 1830 1539 amoris
1859 1495 1920 1540 sui
1947 1498 2203 1544 documenta
2234 1514 2353 1547 com-

385 1555 624 1607 municare,
656 1554 728 1597 nisi
751 1565 877 1609 quam
904 1564 977 1607 per
1002 1553 1192 1608 Corpus3
1226 1552 1442 1609 quomodo
1468 1560 1570 1595 tunc
1594 1551 1714 1595 Deus
1736 1550 1810 1595 nisi
1832 1563 1906 1607 per
1934 1552 2204 1609 Humanum,
2238 1557 2351 1613 quod

385 1608 515 1667 Ipsius
536 1609 604 1652 est.
664 1607 744 1651 His
770 1607 948 1660 auditis,
979 1607 1168 1652 Africani
1196 1619 1284 1663 prae
1317 1605 1514 1664 reliquis,
1549 1606 1849 1664 quiasinterius
1867 1606 2091 1651 rationales
2112 1607 2229 1664 sunt,
2260 1624 2350 1668 per-

387 1673 613 1721 ceperunt3
644 1663 690 1710 ἃ·
704 1659 876 1718 quisque
895 1661 1121 1707 secundum
1138 1662 1257 1707 suam
1277 1663 1595 1718 perceptionem
1617 1660 1743 1705 favit.
2140 1693 2142 1696 ψ
2331 1679 2338 1705 :

383 1719 387 1722 ’
440 1723 538 1775 839.
570 1716 784 1761 Postremo
817 1715 1083 1763 consociatus
1110 1718 1174 1766 ,est
1201 1716 1339 1763 sermo
1361 1717 1413 1759 de
1444 1717 1682 1764 sni-narona
1706 1729 1766 1759 m-
1794 1716 2045 1762 Enna-roim
2071 1731 2272 1774 noM1NE3
2311 1725 2355 1768 δε

384 1775 543 1821 ,dietum
565 1772 649 1824 est,
680 1771 792 1830 quod
824 1771 1037 1825 homines,
1069 1773 1140 1827 qui
1166 1772 1340 1815 interius
1362 1785 1430 1816 res
1455 1770 1718 1826 percipiunt,
1747 1771 1826 1815 fint
1852 1772 1893 1815 in
1913 1772 2008 1816 luce
2026 1775 2142 1826 veri,
2177 1789 2269 1839 quae
2289 1778 2348 1823 est

384 1830 459 1873 lux
481 1827 611 1880 Caeli,
644 1827 684 1871 ὅς
709 1826 822 1882 quod
843 1826 1037 1873 homines
1052 1828 1124 1882 qui
1143 1827 1329 1870 exterius
1355 1840 1421 1870 res
1443 1825 1680 1882 percipiunt
1701 1826 1780 1870 sint
1800 1827 1842 1869 in
1864 1826 1977 1881 nulla
1998 1828 2094 1871 luce
2120 1842 2231 1884 veri,
2254 1834 2351 1889 quia

387 1883 587 1927 sommum
611 1884 711 1934 luce
729 1882 909 1935 Mundi3
942 1882 1054 1937 quod
1071 1883 1127 1926 sic
1152 1882 1339 1926 homines
1356 1880 1581 1925 Interiores
1603 1881 1681 1924 sint
1705 1881 2041 1937 inintelligentia
2059 1885 2101 1928 ὃ(
2126 1882 2341 1940 sapientia,

383 1938 627 1983 Exteriores
648 1946 789 1982 autem
813 1937 854 1980 in
882 1935 1046 1980 vesania
1067 1938 1107 1981 &
1127 1937 1165 1979 in
1191 1936 1349 1981 visione
1371 1935 1644 1992 praepostera:
1680 1936 1794 1992 quod
1813 1936 1999 1980 homines
2021 1938 2247 1984 Interiores
2266 1941 2345 1985 sint

313 2034 316 2036 a
385 1993 620 2048 spirituales
638 2022 651 2043 ,
688 1992 786 2047 quia
806 2004 860 2034 ex
886 1990 1034 2046 spiritu
1059 1992 1229 2034 elevato
1256 1990 1378 2047 supra
1408 2002 1563 2046 corpus
1589 1990 1811 2045 cogitant,
1844 2003 1984 2048 quare⁴
2001 1992 2143 2036 vident
2177 2008 2279 2039 vera
2305 1997 2347 2041 in

388 2050 511 2099 l,uce;
545 2052 586 2090 at
618 2046 732 2102 quod
755 2046 1001 2091 Exteriores
1033 2047 1222 2093 homines
1238 2046 1320 2091 sint
1339 2045 1569 2090 Naturales
1593 2042 1819 2098 sensuales,
1851 2046 1946 2102 quia
1964 2059 2017 2090 ex
2048 2047 2228 2093 fallaciis
2256 2050 2343 2094 sen-

386 2101 503 2145 suum
524 2102 712 2159 corporis
737 2102 956 2157 cogitant3
988 2113 1117 2158 quare
1145 2100 1289 2146 vident
1318 2113 1418 2144 vera
1439 2100 1546 2144 ficut
1576 2100 1616 2143 in
1639 2100 1806 2153 nimbo,
1839 2101 1880 2145 δε
1905 2113 2002 2145 cum
2034 2103 2142 2158 apud
2177 2104 2220 2147 se
2254 2118 2348 2150 ver-

382 2157 480 2199 'sant
507 2156 601 2208 illa,
645 2155 789 2199 vident
819 2155 928 2199 falsa
957 2169 1005 2198 ut
1030 2169 1153 2200 vera:
1186 2156 1298 2219 quod
1319 2156 1477 2200 Interni
1509 2154 1698 2199 homines
1735 2156 1814 2199 sint
1843 2155 1952 2201 ficut
1982 2158 2053 2212 qui
2082 2157 2195 2202 stant*
2218 2158 2342 2216 super

384 2212 543 2255 Monte
564 2210 603 2254 in
629 2222 807 2265 campo,
842 2220 914 2253 aut
943 2210 1067 2267 super
1084 2212 1212 2255 Turn
1239 2212 1278 2255 in
1300 2211 1425 2264 urbe,
1457 2220 1531 2253 aut
1555 2208 1675 2267 super
1693 2210 1872 2266 Specula
1894 2210 1936 2253 in
1962 2212 2090 2265 mari13
2120 2222 2165 2255 at
2189 2215 2343 2258 Exter-

381 2267 428 2309 'ni
449 2266 639 2313 homines
661 2265 756 2308 sunt
776 2265 883 2309 sicut
906 2266 978 2322 qui
996 2265 1103 2310 stant
1123 2266 1165 2308 in
1187 2266 1295 2309 valle
1317 2265 1394 2312 sub
1411 2274 1583 2318 monte,
1617 2274 1690 2308 aut
1707 2265 1748 2309 in
1771 2275 1927 2322 crypta
1949 2263 2025 2309 sub
2046 2268 2173 2320 turri,
2205 2279 2278 2312 aut
2302 2271 2344 2314 in

378 2321 540 2376 cymba
571 2319 646 2363 sub
671 2319 864 2376 specula,
898 2321 967 2377 qui
995 2334 1077 2365 non
1108 2320 1250 2364 vident
1275 2321 1347 2366 nisi
1372 2333 1496 2378 quam
1527 2320 1742 2375 proxima:
1773 2320 1814 2364 ὅ(
1846 2331 1998 2375 porro,
2031 2319 2187 2364 Inter-ni
2212 2323 2344 2369 homi-

385 2388 438 2420 ne
457 2374 551 2418 sunt
570 2375 679 2418 sicut
700 2374 774 2432 *qui
793 2374 983 2418 habitant
1000 2377 1040 2419 in
1070 2374 1247 2419 secunda
1267 2387 1339 2419 aut
1363 2376 1487 2419 tertia
1506 2375 1712 2418 mansione
1729 2375 1900 2419 Domus
1921 2374 1990 2416 seu
2015 2375 2196 2429 Palatii,
2229 2380 2347 2435 qu’us

387 2431 569 2486 parietes
598 2428 692 2472 sunt
720 2429 983 2473 continentes
1003 2430 1190 2475 fenestrae
1220 2443 1273 2473 ex
1299 2431 1420 2485 vitris
1435 2429 1741 2485 -chrystallinis,
1806 2430 1846 2471 ui
1865 2428 1907 2472 in
1936 2430 2053 2473 Urbe
2084 2431 2342 2488 perspiciunt

387 2486 549 2528 circum
570 2484 684 2526 circa
703 2485 745 2526 in
765 2484 1060 2539 amplitudine,
1093 2487 1133 2532 &
1160 2484 1421 2541 cognoscunt
1443 2483 1637 2538 quamvis
1661 2483 1793 2542 aedicu
1812 2496 1879 2527 am
1899 2484 1983 2538 ibi3
2003 2494 2047 2528 at
2070 2487 2247 2532 Externi
2267 2489 2342 2532 ho·-

384 2539 514 2583 'mines
540 2536 634 2580 sunt
659 2538 767 2581 sicut
798 2538 869 2600 qui
891 2538 932 2580 in
957 2538 1099 2582 infima
1121 2540 1329 2586 mansione
1362 2538 1571 2590 habitant,
1605 2538 1723 2592 qu‘us
1747 2537 1935 2582 fenestrae
1969 2537 2065 2582 sunt
2092 2553 2145 2584 ex
2175 2545 2347 2599 papyris

385 2591 708 2649 conglutinatis,
752 2604 822 2648 qui
852 2604 904 2635 ne
933 2593 1099 2648 quidem
1125 2593 1306 2649 aliquam
1329 2594 1512 2649 plateam
1541 2601 1665 2635 extra
1692 2593 1863 2637 domum
1891 2593 2064 2648 vident,
2110 2595 2179 2639 sed
2206 2597 2342 2644 solum

387 2648 457 2691 illa
473 2660 567 2703 quae
587 2645 696 2690 intra
717 2646 888 2691 domum
909 2647 1026 2701 sunt,
1059 2649 1099 2692 δι
1119 2648 1210 2691 haec
1223 2660 1304 2692 non
1325 2648 1398 2692 nisi
1417 2660 1541 2703 quam
1560 2659 1614 2689 ex
1634 2648 1807 2702 candela
1829 2658 1901 2691 aut
1927 2648 2053 2694 foco:
2083 2651 2239 2695 luterni
2264 2653 2338 2696 ho-

384 2703 516 2747 mines
534 2701 662 2746 etiam
685 2700 780 2744 sunt
799 2701 907 2745 sicut
925 2703 1090 2759 Aquilae
1111 2703 1151 2745 in
1173 2703 1289 2754 alto,
1324 2705 1365 2748 ὃς
1384 2704 1527 2746 vident
1545 2702 1629 2744 late
1649 2703 1789 2747 omnia
1808 2701 1883 2746 sub
1907 2701 1974 2755 se3
1993 2705 2034 2748 &
2057 2706 2230 2751 vicissim
2254 2709 2341 2752 Ex·

383 2758 488 2801 terni
518 2755 705 2800 homines
735 2755 830 2799 sunt
858 2756 965 2800 sicut
996 2758 1137 2810 Galli,
1170 2758 1239 2813 qui
1270 2757 1392 2813 super
1414 2757 1568 2812 stapide
1601 2757 1687 2800 alta
1712 2770 1818 2800 voce
1849 2770 1993 2802 coram
2017 2761 2210 2815 galliniS,
2244 2775 2338 2819 quae

381 2811 496 2855 humi
530 2811 806 2868 gradiuntur,
847 2822 1043 2866 canuntzl
1072 2815 1113 2867 (ὃς
1146 2812 1310 2868 insuper
1343 2812 1500 2855 Interni
1524 2812 1710 2856 homines
1740 2811 1977 2868 percipiunt
2007 2816 2118 2869 quod
2144 2816 2215 2859 illa
2244 2832 2338 2875 quae

382 2866 521 2909 sciunt
549 2866 598 2909 ad
617 2866 688 2909 illa
710 2879 802 2922 quae
825 2878 907 2909 non
929 2866 1093 2919 sciunt,
1125 2867 1203 2910 sint
1229 2867 1356 2911 modo
1380 2867 1487 2911 ficut
1510 2880 1628 2922 aquae
1652 2867 1692 2909 in
1724 2877 1829 2910 urna
1854 2867 1905 2909 ad
1928 2880 2054 2924 aquas
2081 2870 2121 2913 in
2144 2871 2265 2926 lacu;
2295 2886 2339 2918 at

385 2921 562 2964 Externi
584 2922 771 2965 homines
793 2934 877 2964 non
907 2918 1026 2970 aliter
1045 2922 1308 2979 percipiunt,
1345 2935 1468 2979 quam
1509 2921 1621 2978 quod
1647 2920 1788 2963 sciant
1819 2922 1970 2965 omnia.
2029 2924 2096 2968 Ex
2130 2925 2194 2971 his
2224 2928 2342 2974 dictis

381 2975 517 3073 laetzhti
548 2973 641 3018 sunt
671 2975 860 3020 Africani
874 2976 1018 3036 ,quia
1048 2989 1107 3020 ex
1134 2976 1325 3021 interiori
1355 2977 1471 3030 visu,
1505 2989 1590 3033 quo
1611 2975 1885 3031 praepollent,
1929 2990 2191 3036 agnoverunt
2224 2983 2337 3040 quod

377 3039 441 3072 'lta
504 3038 533 3071 t.
2298 3074 2300 3076 ,

437 3087 536 3138 840.
570 3083 781 3140 Quoniam
803 3084 993 3129 Africani
1022 3086 1126 3129 tales
1149 3087 1266 3139 sunt,
1300 3087 1393 3130 ideo
1413 3085 1521 3142 apud
1547 3085 1640 3129 illos
1665 3084 1787 3129 hodie
1810 3086 1861 3129 fit
1880 3087 2126 3143 Revelatio‚
2161 3104 2253 3148 quae
2279 3096 2338 3139 in.

383 3147 512 3194 cepta
533 3139 648 3180 vadit
669 3149 694 3180 e
710 3141 894 3192 Regione
914 3139 985 3183 sua
1011 3141 1169 3184 circum
1185 3173 1198 3192 ,
1230 3140 1297 3184 sed
1318 3155 1399 3185 non
1430 3140 1556 3197 usque
1575 3141 1622 3184 ad
1645 3141 1808 3192 Μανίας
1841 3141 2038 3196 spernunt
2059 3145 2250 3191 Advenas
2280 3140 2334 3194 ex

379 3193 576 3250 Europa,
611 3193 681 3253 qui
699 3184 876 3239 creflunt
901 3195 1109 3241 hominem
1134 3195 1281 3241 salvari
1303 3209 1379 3252 per
1398 3195 1530 3241 solam
1550 3197 1698 3251 fidem,
1729 3197 1768 3240 &
1787 3196 1843 3241 sie
1863 3209 1938 3252 per
1958 3196 2091 3243 solum
2119 3203 2330 3261 cogitare,

2296 3265 2338 3309 ἀ
