2658 3698
443 282 672 342 Novi
717 275 1134 346 CAEL1·ET
1170 276 1453 351 NOVAE
1489 269 1986 340 Boon-Empe.-
2117 283 2227 354 '185⁴

188 444 190 446 .
247 409 413 467 spiritui
434 411 475 455 &
497 411 672 467 angelo,
702 420 751 454 at
778 421 974 460 cum-me
992 407 1178 464 loqueris
1196 405 1362 471 Lingua
1380 419 1474 451 mea
1493 411 1745 464 vernacula}
1776 410 2029 456 nam-omnis
2043 410 2224 471 Spiritus

247 465 494 522 &Angelus
514 466 693 523 loquens
721 479 820 510 cum
839 463 1011 509 homine
1037 462 1230 518 loquitur
1257 473 1346 515 ejus
1366 462 1574 518 Linguam
1601 468 1847 522 propriam,
1877 466 1939 509 ita
1959 478 2059 510 cum
2090 466 2224 509 Gallo

226 562 230 565 ,
276 519 467 578 allicam,
501 533 599 565 cum
624 521 784 578 Graeco
814 532 1028 578 gr-aecam,
1061 530 1159 560 cum
1190 516 1332 559 Arabe
1358 517 1599 572 arabicam,
1632 522 1674 564 ὅτ.
1700 523 1756 565 fic
1783 533 1924 578 porro.
1983 522 2047 565 Ut
2076 522 2222 577 itaque

246 533 354 619 {cias
373 572 601 620 discrimen
618 577 727 619 inter
749 575 979 632 Spirituale
1000 576 1041 618 &
1059 570 1268 616 Naturale
1290 572 1438 634 quoad·
1452 572 1634 630 Linguas
1648 606 1663 627 ‚
1693 575 1765 619 fac
1778 579 1868 630 ita2
1891 577 2001 620 intra
2019 576 2070 619 ad
2094 587 2218 629 tuos,

247 632 289 675 &
315 631 490 686 loquere
509 631 665 688 aliquid
683 631 766 684 ibi,
800 643 850 674 ac
868 630 1011 682 retine,
1027 639 1187 679 voces,
1219 627 1260 670 δε
1279 639 1378 670 cum
1398 627 1460 669 his
1488 629 1530 671 in
1553 631 1755 673 memoria
1772 631 1883 683 redi,
1918 632 1959 675 &
1979 643 2124 675 coram
2152 643 2222 674 me

250 686 424 729 enuntia
446 685 571 740 illas;
604 685 783 730 ac'fecit
805 685 888 738 ita,
921 687 964 730 ὅς
984 682 1106 726 rediit
1129 685 1180 724 ad
1198 690 1267 724 me
1288 693 1387 725 cum
1410 683 1591 727 vocibus
1609 684 1692 728 illis
1708 685 1764 729 ’in
1784 700 1881 741 ore,
1907 689 1955 736 ,δε
1976 685 2130 730 effatus
2159 685 2219 730 est

244 739 363 793 illas,
397 742 438 785 δε
472 751 592 785 erant
619 743 751 784 voces
772 740 945 797 prorsus
971 739 1115 798 alienae
1139 737 1180 781 δι
1203 737 1460 798 peregrinae,
1494 751 1588 795 quae
1611 753 1694 783 non
1723 743 1875 784 dantur
1897 742 1936 784 in
1967 742 2106 804 aliqua
2124 741 2224 784 Lin-

246 809 330 854 gua
357 796 518 839 Mundi·
537 796 763 848 naturalis3
794 807 870 851 per
890 794 998 837 hanc
1019 793 1320 854 experientiam
1340 792 1565 847 aliquoties
1579 795 1775 840 iteratam
1797 797 1910 839 clare
1931 806 2093 850 patuit,
2107 795 2223 860 quod

247 850 444 896 omnibus
462 851 506 895 in
531 850 700 895 Mundo
724 848 932 906 spirituali
950 849 1001 893 fit
1019 848 1185 904 Lingua
1203 846 1462 908 spiritualis,
1475 860 1571 902 quae
1590 850 1697 894 nihil
1709 863 1935 895 commune
1959 864 2056 895 cum
2084 852 2223 907 aliqua

255 907 421 962 Lingua
437 905 620 948 naturali
642 905 834 958 obtinet,
867 905 910 949 δε
930 902 1045 960 quod
1063 902 1201 947 omnis
1217 903 1348 945 homo
1366 902 1410 944 in
1426 901 1543 946 lllam
1571 902 1778 960 Linguam
1794 905 1888 960 post
1912 905 2075 950 obitum
2104 919 2155 948 ex
2182 904 2225 948 se

249 963 416 1010 veniat:
446 958 577 1003 semel
603 957 732 1003 e'tiam
757 969 963 1015 expertus
979 957 1094 1012 sum,-
1128 956 1242 1014 quod
1261 954 1352 1012 ipse
1367 957 1506 999 Sonus
1527 957 1704 1021 Linguae
1724 959 1948 1015 spiritualis
1968 961 2115 1004 aSono
2125 961 2223 1004 Lin-

164 1060 174 1069 ,
249 1029 344 1074 guae
362 1013 566 1056 naturalis
586 1012 778 1063 differret
800 1015 844 1057 in
864 1022 1058 1066 tantum,
1090 1021 1140 1054 ut
1161 1012 1297 1055 Sonus
1313 1006 1540 1065 spiritualis
1562 1021 1691 1061 etlam
1709 1015 1822 1057 altus
1844 1026 1896 1057 ne
1917 1013 2047 1058 hilum
2065 1015 2225 1058 audire-

250 1082 324 1115 tur
345 1068 398 1112 ab
422 1068 592 1112 homine
615 1068 795 1112 naturali
810 1100 825 1120 ,
856 1079 939 1111 nee
967 1069 1106 1121 Sonus
1122 1064 1327 1110 naturalis
1348 1065 1401 1108 ab
1424 1065 1593 1111 homine
1625 1066 1842 1125 spirituali.
1900 1069 2047 1113 Postea
2075 1069 2226 1125 rogavi

247 1125 370 1169 illum
402 1124 444 1168 δι
465 1123 812 1176 circumstantes,
843 1131 893 1165 ut
914 1123 1120 1167 intrarent
1142 1121 1192 1163 ad
1214 1119 1341 1173 suos,
1373 1122 1413 1165 ὅ(
1429 1119 1660 1166 scriberent
1683 1125 1865 1181 aliquam
1893 1122 2140 1168 sententiam
2159 1123 2225 1166 su-

248 1191 324 1236 per
347 1177 532 1232 Charta,
565 1179 605 1223 &
626 1191 726 1222 cum
746 1177 896 1221 charta
914 1177 988 1220 illa
1003 1178 1170 1220 exirent
1190 1174 1243 1217 ad
1262 1187 1332 1219 me
1347 1206 1362 1228 ,
1395 1177 1436 1220 δε
1459 1177 1645 1233 legerent
1657 1193 1670 1231 ;
1701 1179 1899 1222 fecerunt
1917 1180 2003 1233 ita,
2036 1181 2078 1224 ὅ(
2096 1179 2227 1221 redic-

248 1243 349 1278 runt
377 1246 482 1278 cum
497 1232 658 1278 Charta
679 1234 721 1278 in
746 1244 901 1286 manu,
933 1243 978 1275 at
999 1245 1101 1277 cum
1123 1231 1311 1286 legerent
1333 1262 1348 1284 ‚
1387 1243 1471 1274 non
1496 1242 1756 1287 potuerunt,
1788 1235 1987 1291 quoniam
2009 1234 2231 1279 Scrintura

239 1290 324 1334 illa
341 1289 560 1334 constabat
580 1288 711 1333 modo
729 1300 783 1331 ex
810 1287 1018 1344 aliquibus
1039 1286 1205 1343 Literis.
1219 1285 1497 1341 alphabeticis
1522 1300 1623 1333 cum
1644 1290 1731 1333 stro
1761 1290 1824 1332 his
1857 1288 2006 1352 supra,
2049 1284 2245 1345 quarum*

252 1345 500 1399 unaquaevis
528 1345 711 1401 aliquem
745 1341 907 1386 sensum
939 1342 1001 1386 rei
1022 1340 1283 1397 fignificabat
1301 1356 1313 1384 :
1331 1354 1334 1356 ·
1353 1341 1450 1397 quia
1471 1355 1550 1386 una
1582 1344 1715 1388 uaevis
1731 1302 1886 1389 {itera
1910 1357 1950 1387 m
1983 1345 2230 1399 Alpliabeto

251 1399 458 1456 fignificat
488 1399 549 1442 ibi
587 1400 772 1455 aliquem
791 1395 996 1451 Sensum,
1026 1405 1148 1458 patet
1171 1395 1280 1439 unde
1311 1397 1394 1448 est,
1436 1398 1549 1454 quod
1624 1400 1790 1443 ominus
1817 1399 1986 1445 dicatur
2017 1400 2156 1455 Alpha
2187 1401 2230 1443 &

252 1458 367 1500 Ome
397 1468 441 1497 a:
472 1468 572 1499 cum
594 1453 654 1497 illi
674 1454 828 1496 iterum
853 1452 895 1495 δι
914 1452 1067 1495 iterum
1086 1461 1315 1510 latrarent,
1329 1450 1584 1506 scriberent,
1607 1455 1649 1498 &
1670 1455 2099 1510 redirent,compcrti
2119 1452 2231 1504 sunt,

263 1468 395 1566 quoe?
398 1509 618 1566 Scriptura
643 1509 716 1553 illa
736 1506 979 1551 involveret
998 1506 1042 1550 &
1066 1506 1445 1561 comprehenderet
1463 1508 1705 1562 innumera,
1737 1510 2063 1566 quae‘nusquam
2089 1508 2232 1564 aliqua

253 1565 475 1620 Scriptura
496 1564 698 1609 naturalis
717 1563 859 1621 poffet
879 1562 1119 1621 exprimere
1127 1573 1142 1612 3
1174 1561 1216 1604 &
1235 1560 1395 1604 dietum
1422 1563 1509 1615 est,
1541 1563 1656 1620 quod
1676 1564 1760 1607 hoc
1788 1566 1837 1608 fit
1856 1597 1871 1618 ,
1913 1566 2014 1620 quia
2038 1562 2230 1619 spiritua-

252 1621 310 1665 lis
333 1619 466 1662 homo
485 1615 651 1676 cogitat
670 1616 1104 1672 incomprehenfibilia
1127 1617 1169 1659 δι
1190 1614 1419 1660 ineffabilia
1436 1618 1635 1662 Naturali
1661 1618 1842 1672 homini,
1874 1620 1915 1663 δι
1944 1619 2058 1674 quod
2074 1620 2168 1662 haec
2189 1618 2234 1661 in

253 1673 379 1722 aliam
403 1675 668 1730 Scripturam
687 1674 740 1728 &1
755 1672 797 1715 in
821 1670 948 1715 aliam
966 1670 1176 1727 Linguam
1197 1669 1346 1713 inferri
1374 1683 1597 1729 nequeant.
1656 1675 1785 1718 Tunc
1808 1674 1906 1730 quia
1927 1674 2132 1717 adstantes
2150 1685 2235 1716 non

252 1730 483 1775 voluerunt
505 1727 885 1788 comprehendere,
901 1726 1015 1781 quod
1034 1725 1274 1789 spiritualis
1293 1739 1348 1768 co
1377 1726 1561 1771 itatioin
1579 1739 1743 1774 tantum
1764 1729 1989 1772 excederet
2007 1728 2236 1785 cogitatio-

253 1797 349 1830 nem
378 1783 640 1836 naturalem,
672 1792 721 1826 ut
741 1783 792 1827 fit
810 1779 1316 1881 re1Pective1neffab11is,
1376 1783 1434 1824 ixi
1451 1783 1561 1836 illi8,
1591 1781 1724 1826 facite
1742 1784 2071 1840 experientiam,
2104 1785 2230 1825 intra-

254 1851 301 1886 te
317 1841 361 1884 in
379 1840 642 1885 Societatem
663 1837 855 1882 vestram
886 1835 1151 1898 piritualem‚
1182 1837 1224 1880 &
1253 1837 1444 1893 cogitate
1462 1838 1645 1894 aliquam
1671 1851 1761 1884 rem
1774 1870 1787 1892 ,
1819 1853 1870 1882 ac
1889 1839 2066 1882 retinete
2085 1837 2201 1881 illam
2215 1869 2232 1890 ‚

255 1894 298 1942 δε
319 1895 455 1939 redite
470 1927 485 1948 ,
517 1896 560 1939 ὃς
584 1899 729 1938 eoram
748 1900 817 1936 me
835 1892 1078 1953 expromite
1094 1891 1212 1933 illam
1235 1904 1249 1942 ;
1288 1892 1628 1936 ac‘intraverunt
1646 1925 1661 1945 ‚
1693 1895 2018 1950 cogitaverunt,
2049 1894 2234 1936 retinue-

254 1960 379 2003 runt,
411 1950 665 2001 exiverunt,
697 1950 738 1991 &
760 1959 861 1990 cum
880 1954 1167 1999 expnmerent
1187 1956 1277 1989 rem
1299 1948 1560 2004 cogitatam,
1592 1961 1676 1991 non
1737 1958 1939 1993 otuerunt
1957 1981 1972 2002 ,
2016 1962 2099 2003 non
2120 1949 2231 1992 enim

256 2006 506 2048 invenerunt
526 2004 657 2046 ullam
686 2002 824 2044 ideam
848 1999 1119 2064 cogitationis
1149 2001 1350 2043 naturalis
1383 2002 1647 2059 adaequatam
1681 2017 1705 2046 a
1723 2004 1810 2046 icui
1835 2005 1936 2048 ideae
1958 2003 2233 2060 cogitationis

259 2071 366 2115 pure
387 2057 639 2114 spiritualis,
670 2055 732 2109 ita
759 2068 845 2098 non
865 2057 1025 2111 aliquas
1056 2066 1190 2098 voces
1216 2057 1499 2110 exprimentes
1527 2057 1665 2110 illam,
1696 2072 1792 2102 nam
1825 2060 1926 2102 ideae
1959 2058 2235 2114 cogitationis

258 2114 369 2159 fiunt
385 2125 520 2156 voces
540 2111 747 2168 loquelae3
778 2111 820 2155 Gt
846 2111 991 2166 postea
1006 2109 1291 2171 reintrabant,
1323 2113 1365 2155 ὅτ.
1390 2111 1607 2165 redibant,
1640 2115 1682 2157 ὅ(
1708 2114 2016 2157 confirmabant
2037 2111 2102 2164 se,
2121 2111 2239 2169 quod

256 2169 363 2212 ideae
382 2166 618 2231 spirituales
639 2166 771 2209 effent
802 2163 1139 2225 supranaturales
1158 2194 1173 2215 ‚
1213 2167 1535 2221 inexpreffibiles
1554 2197 1568 2219 ‚
1617 2167 1850 2211 ineffabiles
1871 2201 1884 2222 ‚
1937 2169 1978 2212 &
2000 2169 2241 2223 incompre‹

258 2222 475 2267 henfibiles
497 2219 696 2279 Naturali
717 2218 902 2271 homini3
934 2219 975 2263 &
1000 2230 1098 2273 quia
1118 2229 1207 2266 tam
1230 2217 1586 2274 supereminentes
1604 2220 1722 2276 sunt,
1753 2223 1977 2277 dicebant,
2011 2223 2124 2279 quod
2146 2223 2239 2278 Spi-

257 2277 432 2320 rituales
450 2272 553 2320 ideae
579 2274 651 2318 seu
680 2274 964 2331 cogitationes
991 2271 1229 2328 respective
1250 2274 1299 2316 ad
1318 2276 1550 2320 Naturales
1569 2278 1701 2321 effent
1720 2279 1823 2322 ideae
1846 2280 2032 2323 idearum
2052 2310 2067 2331 ,
2100 2278 2141 2321 δι
2161 2290 2236 2320 co·

260 2332 488 2390 gitationes
507 2331 843 2388 cogitationum,
875 2331 917 2375 &
940 2327 1054 2385 quod
1079 2328 1174 2370 ideo
1199 2340 1276 2383 per
1307 2329 1399 2374 illas
1431 2332 1767 2386 exprimerentur
1799 2334 2026 2389 qualitates
2056 2331 2236 2389 qualiter:

260 2398 391 2440 tum,
412 2387 453 2432 ἀ
478 2386 721 2432 affectiones
747 2385 1017 2430 affectionum
1035 2397 1050 2435 ;
1081 2381 1386 2439 consequenter
1400 2387 1514 2443 quod
1533 2387 1829 2443 Cogitationes
1847 2387 2084 2443 spirituales
2103 2387 2238 2431 essent

258 2442 376 2486 initia
400 2455 451 2485 ac
474 2443 655 2500 origines
677 2442 987 2497 cogitationum
1007 2438 1286 2482 naturalium:
1316 2440 1410 2484 inde
1433 2443 1564 2497 etiam
1584 2442 1747 2497 patuit,
1782 2443 1895 2499 quod
1912 2441 2125 2498 Sapientia
2154 2441 2238 2497 spi-

265 2497 435 2543 ritualis
455 2497 582 2543 effet·
602 2496 816 2554 Sapientia
843 2495 1060 2551 sapientiae
1083 2526 1098 2547 ,
1138 2494 1201 2536 ita
1229 2493 1544 2551 inexpreffibilis
1573 2497 1701 2540 alicui
1733 2498 1924 2553 Sapienti
1951 2500 1996 2541 in
2034 2497 2237 2554 Naturali

263 2552 443 2601 Mundo.
498 2555 632 2600 Tunc
652 2554 812 2605 dictum
835 2551 895 2595 est
920 2563 944 2592 e
964 2550 1088 2595 Caelo
1109 2546 1341 2605 superiori,
1374 2552 1488 2608 quod
1510 2551 1648 2595 adhuc
1669 2553 1723 2596 fit.
1737 2554 1948 2609 Sapientia
1969 2552 2144 2597 interior
2166 2551 2243 2610 seu

265 2605 478 2664 superior,
513 2622 613 2665 quae*
636 2605 1054 2659 vocaturCaelestis,
1087 2605 1206 2659 cujus
1228 2602 1441 2660 respectus
1464 2607 1515 2650 ad
1536 2607 1794 2662 Sapientiam
1816 2607 2096 2663 spiritualem,
2128 2607 2243 2651 fimi-

265 2662 317 2705 lis
338 2663 397 2707 est
413 2664 626 2721 respectui
641 2663 762 2718 huius
781 2663 831 2706 ad
851 2662 1088 2705 naturalem
1102 2693 1118 2714 ,
1150 2661 1191 2705 ἀ
1211 2661 1325 2716 quod
1345 2661 1408 2705 hae
1429 2662 1472 2706 in
1496 2663 1641 2706 ordine
1661 2660 1887 2707 secundum
1908 2661 2241 2708 Caelosinfluant

265 2724 325 2758 ex'
339 2717 499 2764 Divina
518 2719 693 2765 Domini
713 2718 949 2774 Sapientia,
1013 2729 1078 2760 uae
1105 2716 1165 2760 est
1194 2715 1375 2760 Infinita.
1435 2717 1501 2762 Ad
1520 2718 1612 2762 haec
1631 2718 1738 2761 dixit
1759 2719 1834 2763 Vir
1852 2718 2028 2775 loquens
2049 2730 2244 2770 mecum,

267 2770 351 2814 hoc
369 2773 494 2817 video
504 2807 524 2829 „
551 2777 649 2832 quia
667 2775 864 2830 percepi,
897 2729 1012 2830 quo}
1042 2784 1122 2816 una
1148 2771 1239 2814 idea
1270 2772 1472 2816 naturalis
1501 2774 1553 2818 fit
1589 2774 1808 2816 continens
1842 2773 2026 2828 plurium
2057 2774 2244 2816 idearum

267 2824 569 2883 spiritualium3·
599 2833 640 2877 ὅτ,
665 2842 834 2886 quoque
855 2828 970 2884 quod
1004 2840 1086 2870 una
1114 2827 1206 2870 idea
1241 2826 1548 2883 spiritualis-fit
1584 2830 1812 2874 continens*
1839 2828 2023 2884 plurium
2052 2828 2242 2871 idearum

272 2879 602 2936 caelestiumgex
627 2886 691 2929 his
711 2885 762 2930 fit
785 2887 913 2929 etiam
945 2883 1028 2926 hoc
1050 2881 1333 2939 consequens,
1367 2884 1481 2939 quod
1505 2882 1686 2928 divisum
1723 2897 1807 2927 non
1841 2883 1916 2926 fiat
1943 2884 2038 2939 plus
2069 2884 2109 2927 δε
2139 2882 2239 2937 plus

272 2934 474 2989 simplex,
505 2937 575 2980 sed
593 2940 689 2994 plus
713 2941 754 2984 δε
771 2941 869 2996 plus
890 2937 1143 2993 multiplex,
1174 2938 1271 2995 quia
1294 2938 1468 2993 propius
1500 2941 1540 2984 &
1555 2941 1727 2994 propius
1747 2938 1912 2982 accedit
1930 2939 1980 2981 ad
2000 2937 2235 2987 Infinitum,

270 2990 330 3032 inx
346 3002 431 3044 quo
446 2990 608 3034 'infinite
634 2994 773 3038 omnia
799 2995 907 3039 sunt.
966 2994 1047 3038 His
1066 2994 1247 3050 peractis
1263 2993 1348 3036 dixi
1371 2994 1421 3036 ad
1440 2993 1668 3046 adstantes;
1701 3007 1754 3038 ex
1786 2994 1848 3037 his
1871 2994 2005 3036 tribus
2023 2993 2240 3047 experien-

273 3046 345 3088 tiae
368 3043 634 3091 documentis
664 3049 818 3094 videtis
837 3049 960 3106 quale
985 3049 1045 3094 est
1072 3047 1299 3092 discrimen
1323 3048 1433 3091 inter
1461 3048 1689 3103 spirituale
1730 3051 1771 3093 ἀ
1791 3048 2027 3100 Naturale,
2061 3048 2102 3091 ὅτ.
2131 3059 2245 3102 quo·.

275 3112 357 3154 que
387 3097 581 3162 cau-sam,
613 3113 689 3142 cur
712 3102 930 3146 Naturalis
948 3104 1080 3149 homo
1101 3117 1184 3148 non
1209 3114 1385 3159 apparet
1409 3104 1650 3159 spirituali,
1686 3105 1727 3149 ὅς
1746 3104 1986 3159 spiritualis
2001 3104 2130 3145 homo
2150 3114 2234 3143 non

274 3154 499 3206 Naturali,
532 3154 694 3216 tametsi
717 3164 894 3214 uterque
910 3156 952 3201 in
968 3159 1156 3213 perfecta
1174 3158 1315 3202 forma
1325 3159 1516 3210 {humana
1535 3159 1617 3212 est,
1650 3161 1691 3204 &
1714 3172 1766 3201 ex
1795 3159 1875 3201 hac
1902 3158 2040 3201 forma
2067 3158 2236 3199 videtur

275 3209 350 3268 ipfi
369 3210 477 3259 ficut
505 3222 609 3256 unus
630 3209 791 3255 videret
811 3210 1014 3266 alterum,
1045 3212 1114 3258 sed
1136 3213 1231 3259 sunt
1248 3214 1473 3315 ingeriorffi
1505 3227 1598 3272 quae
1619 3215 1782 3261 Mentis
1804 3213 1923 3268 sunt,
1956 3226 2047 3269 quae
2071 3210 2239 3304 faciunlt

1329 3281 1381 3312 a-
2194 3275 2210 3304 1
2228 3282 2244 3293 ·
