2658 3698
389 261 499 319 ,Η
627 193 2149 318 ‚uurvuR-SAxTHE-oLoGrA

389 368 503 425 quod
528 379 552 409 a
571 366 730 408 virtute
750 361 942 405 Altiffimi
963 370 1036 415 per
1061 360 1259 415 Spiritum
1283 360 1477 405 sanetum
1501 370 1733 416 conceptus
1760 362 1809 408 fit
1830 395 1844 416 ,
1879 366 1919 408 &
1946 362 2062 419 quod
2085 361 2177 417 inde
2199 360 2359 408 Huma·

391 435 492 466 num
520 421 647 477 lpfius
669 433 692 461 a
716 416 857 460 Maria
882 415 958 458 Vir
987 414 1052 469 ine
1072 424 1216 458 natum
1239 415 1288 459 fit
1307 445 1321 467 ,
1364 415 1471 456 unde
1493 415 1535 458 se
1569 416 1709 469 uitur,
1750 418 1862 474 quod
1886 419 2038 462 Anima
2071 414 2199 472 lpfius
2229 415 2361 458 fuerit

391 476 534 532 Ipsum
559 474 785 521 Divinum,
820 469 932 532 quod
955 426 1078 512 gater
1099 479 1304 531 vocatu-r,
1328 469 1386 511 est
1407 470 1516 513 enim
1537 429 1657 515 Deus
1681 471 1917 514 individuus
1939 503 1953 524 ,
1997 474 2037 517 &
2066 471 2178 527 quod
2203 471 2366 514 Huma-

393 544 494 575 num
518 529 608 572 inde
638 535 808 576 natum,
842 524 892 568 fit
912 524 1153 568 Humanum
1179 524 1442 578 DerPatris,
1474 525 1586 581 quod
1605 536 1788 568 vocatur
1810 526 1943 569 Filius
1971 525 2081 578 Dei,
2113 527 2220 569 Luc.
2241 525 2363 579 1:32.

401 626 405 629 ,
426 600 465 639 4.
488 598 565 640 35:
597 595 649 623 ex
668 580 735 622 'his
755 580 909 622 iterum
938 578 1148 634 sequitur,
1182 578 1416 633 quod'dum
1449 580 1658 625 Dominus
1678 581 1798 624 Deus
1824 581 2021 624 Salvator
2040 579 2208 632 aditur,
2238 581 2371 622 etiam·

446 652 517 680 eus
554 637 675 679 Pater
710 634 917 684 adeatur3
966 645 1093 689 quare
1129 632 1341 687 respondit
1382 633 1577 688 Philippo
1619 635 1781 688 petenti
1821 644 1868 675 ut
1911 633 2159 676 monstraret
2194 634 2364 676 Patrem

389 692 522 752 „Qui
542 692 652 733 videt
674 689 769 741 Me,
798 690 911 731 videt
932 688 1118 737 Patrem,
1152 690 1329 742 quomodo
1343 697 1440 742 ergo,
1456 696 1503 730 tu
1522 689 1644 739 dicis,
1678 687 1849 741 monstra
1875 690 1982 730 nobi-'s
2009 686 2175 741 Patrem
2201 717 2214 738 ,
2241 699 2368 730 nonne

392 749 519 791 credis
541 747 641 802 quod
666 745 751 799 Ego
771 745 814 786 in
833 742 979 794 Patre,
1012 741 1062 789 δέ)
1081 741 1206 785 Pater
1229 740 1364 785 in=Me
1380 741 1462 794 fit,
1495 743 1640 784 credite
1665 741 1804 794 Mihi,
1838 743 1936 796 quod
1954 742 2040 796 Ego
2058 741 2102 782 in
2125 740 2248 785 Patre
2266 769 2279 790 ,
2312 740 2361 788 ὅ*

392 799 519 844 Pater
543 803 588 843 in
614 798 688 842 Me
698 797 780 851 fit,
812 796 903 850 Joh.
926 796 1047 840 XIV:
1065 799 1102 837 6'
1118 796 1169 838 ad
1187 806 1251 837 11.
1305 794 1389 842 ,Sed
1413 794 1464 851 de
1492 794 1555 836 his
1585 794 1803 839 videantur
1835 794 1957 850 plura
1994 797 2036 837 in
2058 791 2284 849 Capitibus
2311 794 2364 836 de

392 854 493 898 Deo
503 882 517 905 ,
551 852 768 903 Domino,
798 849 957 905 Spiritu
973 851 1150 902 sanem,
1183 849 1293 892 &de
1317 848 1543 893 Trinitate.
2215 850 2220 873 ²

448 921 549 964 539.
581 908 686 951 Sunt
703 907 788 949 duo
812 905 993 956 Debita,
1026 918 1119 960 quae
1143 903 1298 947 homini
1321 902 1570 948 incumbunt
1588 903 1734 947 facere
1754 903 1849 959 post
1866 902 2228 959 explorationem,
2259 903 2365 958 Sup-

395 962 575 1021 plicatio
606 962 647 1005 &
674 960 902 1005 Confeffi0.
958 959 1234 1004 Sunmcmo
1263 957 1370 1010 erit,
1405 957 1731 1015 ut1misereatur
1750 990 1763 1011 ,
1803 959 1876 1001 det
1905 958 2140 1014 potentiam
2167 957 2369 1010 refistendi

395 1016 543 1069 malis,
559 1028 736 1072 quorum
758 1014 976 1070 paenituit,
994 1015 1034 1057 δε
1054 1011 1291 1068 suppeditet
1310 1011 1622 1057 inclinationem
1643 1015 1684 1061 ὅ(
1704 1012 1969 1058 affectionem
1991 1012 2172 1056 faciendi
2195 1013 2368 1066 bonum,

389 1071 591 1134 Quoniam
608 1072 715 1115 homo
725 1069 813 1123 fine
830 1068 916 1124 Ipsb
933 1082 1009 1113 non
1024 1069 1146 1128 potest
1162 1069 1298 1120 facere
1314 1069 1549 1127 quicquam,
1578 1067 1668 1125 Job.
1684 1069 1726 1112 X
1732 1069 1783 1112 Vt
1798 1079 1841 1122 5.
1885 1067 2122 1127 Confessio
2138 1068 2242 1120 erit,
2259 1067 2374 1125 quod

400 1127 575 1178 videat,
608 1121 838 1179 cognoscat
866 1124 906 1166 &
940 1119 1137 1184 agnoscat
1166 1120 1236 1164 sua
1268 1121 1399 1175 mala„
1434 1123 1474 1167 ἀ
1495 1122 1774 1178 deprehendat
1796 1120 2050 1167 semiferum
2083 1132 2367 1180 peccatorem.

394 1174 556 1227 Coram
582 1178 770 1236 Domino
791 1189 1003 1234 nonssopus
1022 1175 1080 1220 est
1105 1175 1433 1229 Enumeratione
1452 1187 1760 1231 peccatorum,
1792 1190 1870 1221 nec
1889 1177 2122 1234 supplicare
2139 1177 2191 1220 de
2203 1176 2367 1222 Remis-

396 1233 512 1279 fione
541 1233 742 1284 illorum3
787 1231 899 1288 quod
930 1236 1013 1275 non
1040 1243 1080 1281 eo
1113 1243 1159 1274 us
1193 1231 1243 1274 fit
1275 1230 1604 1277 Enumeratione
1660 1241 1942 1283 eccatorum,
1986 1232 2045 1275 est
2071 1229 2230 1284 causa,
2273 1231 2371 1288 quia

394 1288 470 1332 illa
491 1288 600 1343 apud
627 1286 668 1330 se
687 1285 932 1342 exploravit
956 1288 996 1330 &
1020 1284 1060 1327 vi
1094 1284 1128 1326 it·
1149 1314 1163 1336 ,
1205 1285 1247 1330 δε
1273 1284 1366 1333 inde
1406 1284 1476 1327 illa
1505 1299 1529 1327 a
1559 1286 1615 1327 ud
1683 1286 1870 1331 ominum
1903 1284 2131 1347 praesentia,
2149 1285 2245 1328 sunt
2262 1286 2374 1342 ,quial

395 1342 509 1400 apud
529 1340 592 1393 se;
618 1341 829 1385 Dominus
845 1342 972 1385 etiarn
990 1340 1030 1382 in
1047 1338 1353 1393 Exploratione
1370 1339 1490 1380 duxit
1510 1339 1522 1379 i
1543 1339 1626 1382 lum
1648 1369 1662 1390 ‚
1694 1341 1750 1385 ’ὅτ
1773 1348 1935 1402 aperuit
1969 1338 2065 1393 illa,
2095 1339 2374 1394 &inspiravit
2413 1388 2417 1391 ,

398 1408 645 1448 rnaerorem,
679 1395 719 1439 ἃ
740 1396 820 1438 una
839 1407 936 1437 cum
959 1394 1041 1437 hoc
1061 1402 1263 1447 conatum
1283 1391 1492 1437 defistendi
1513 1393 1565 1434 ab
1587 1391 1692 1443 illis,
1728 1395 1769 1438 &
1791 1392 2194 1438 inchoandi.novam
2216 1393 2370 1439 vitam.

400 1451 536 1516 Quod
564 1463 711 1494 coram
730 1449 916 1493 Domino
943 1447 1195 1501 supplicatio
1213 1447 1264 1488 de
1285 1445 1531 1490 Remisfione
1548 1455 1824 1501 peccatorum
1844 1460 1927 1490 non
1950 1447 2041 1492 fieri
2063 1447 2240 1501 debeat,
2265 1445 2371 1492 ‘sunt

398 1505 465 1550 hae
483 1503 645 1550 causae:
677 1504 840 1554 Prima,
876 1503 971 1556 quia
991 1510 1171 1555 peccata
1203 1512 1286 1544 non
1318 1500 1569 1552 abolentur,
1605 1500 1673 1543 sed
1702 1509 2006 1556 removentur,
2038 1503 2373 1547 &removentur
2416 1542 2419 1547 i

397 1561 507 1606 ficut
529 1560 658 1603 homo
681 1558 821 1612 postea
845 1554 997 1600 desistit
1023 1554 1075 1599 ab
1096 1553 1202 1606 illis,
1234 1556 1276 1600 δι
1295 1566 1449 1598 novam
1468 1556 1602 1605 vitam
1623 1549 1876 1611 'ingreditur3
1899 1555 1995 1610 sunt
2012 1558 2125 1601 enim
2142 1558 2371 1602 innumerae

402 1611 796 1668 Concupiscentiae,
830 1623 924 1665 quae
953 1608 1091 1653 cuivis
1112 1609 1248 1662 malo,
1281 1610 1390 1655 utin
1450 1610 1589 1664 lomo,
1612 1609 1840 1669 inhaerent,
1877 1625 1972 1677 quae
1994 1625 2078 1655 non
2098 1613 2268 1669 poss'unt
2282 1625 2373 1657 mo-

400 1678 548 1713 mento
566 1665 780 1718 amoveri,
812 1663 881 1707 sed
909 1662 1136 1707 succeffive
1158 1663 1264 1707 ficut
1279 1662 1410 1715 homo
1449 1677 1473 1705 e
1493 1666 1654 1720 patitur
1675 1665 1896 1714 reformari
1920 1669 1960 1711 ὅτ.
1987 1666 2235 1724 regenerari.
2295 1667 2368 1717 Al,-

402 1733 492 1764 tera
512 1718 637 1764 causa
668 1719 750 1772 est,
784 1719 898 1774 quod
919 1718 1155 1769 Dominus,
1187 1718 1284 1774 quia
1317 1718 1376 1762 est
1398 1716 1490 1774 Ipsa
1509 1718 1822 1773 Misericordia,
1858 1722 2049 1773 remittat
2073 1722 2268 1765 omnibus
2299 1720 2372 1764 sua

399 1784 582 1833 peccata
601 1805 616 1827 ,
650 1785 729 1818 nec
787 1786 887 1818 num
911 1773 1036 1818 alicui
1059 1772 1262 1827 imputet,
1293 1771 1398 1816 dicit
1415 1774 1547 1825 enim,
1581 1785 1664 1817 non
1687 1772 1823 1817 sciunt
1863 1775 1962 1832 quid
1990 1775 2154 1819 faciunt
2171 1774 2189 1827 ,'
2215 1775 2284 1818 sed
2307 1774 2372 1818 us-

434 1843 486 1872 ue
510 1842 594 1873 non
614 1829 707 1872 ideo
726 1843 748 1872 a
780 1828 866 1871 lata
890 1827 1007 1879 sunt,
1038 1840 1141 1870 nam
1164 1827 1292 1869 Petro
1329 1825 1636 1884 interroganti,
1677 1829 2107 1885 quoties'remitteret
2140 1829 2265 1873 fratri
2295 1828 2371 1872 suo

437 1885 585 1936 elicta,
620 1897 722 1927 num
742 1882 873 1938 usque
892 1882 944 1925 ad
976 1881 1017 1923 se
1051 1882 1154 1932 ties,
1186 1881 1318 1933 dixit,
1349 1893 1434 1925 non
1452 1882 1550 1926 dico
1575 1881 1652 1924 tibi
1673 1882 1723 1924 ad
1751 1882 1926 1938 septies,
1961 1882 2032 1928 sed
2054 1883 2185 1940 usque
2204 1885 2254 1927 ad
2278 1885 2370 1940 sep·

408 1940 572 1995 tuagies
592 1938 770 1994 septieS,
802 1937 963 1983 Matth.
1031 1934 1144 1979 VIII:
1172 1948 1241 1978 21.
1267 1948 1346 1986 223
1379 1937 1478 1992 quid
1496 1949 1579 1979 non
1602 1936 1824 1980 Dominus.
1854 1938 1936 1992 Sed
1955 1937 2008 1980 us
2032 1950 2083 1980 ue
2101 1951 2185 1980 non
2208 1948 2373 1990 nocet,

407 1993 523 2050 quod
544 1994 636 2050 quis
655 2002 856 2050 gravatus
876 1989 1154 2043 conscientia,
1186 2000 1234 2049 ut
1257 1991 1450 2045 levetur,
1485 2003 1632 2044 coram
1655 1991 1849 2047 Ministro
1872 1952 2072 2037 EccleZae
2094 2002 2271 2048 peccata
2297 1992 2371 2036 sua

405 2058 646 2100 enumeret,
677 2046 801 2091 eausa
822 2045 1124 2097 absolutionis3
1155 2045 1251 2099 quia
1269 2045 1326 2088 fic
1351 2044 1638 2088 introducitur
1663 2045 1705 2089 in
1729 2046 1919 2091 habitum
1948 2046 2195 2104 explorandi
2224 2044 2293 2099 se,
2328 2049 2371 2094 ὅς

406 2102 531 2158 super
560 2101 941 2200 malastquotidian}
966 2099 1222 2159 reflectendi:
1253 2097 1323 2144 sed
1351 2099 1444 2143 haec
1474 2099 1690 2147 Confeffio
1711 2100 2034 2160 ‹estnaturalihg
2051 2093 2173 2158 supra
2191 2100 2371 2158 descrip-

404 2168 452 2200 ta
481 2165 621 2200 autern
652 2169 676 2198 e
788 2166 913 2198 intua
932 2167 976 2196 ιε.
2036 2163 2043 2166 ⁴
2102 2180 2104 2182 ν

462 2217 566 2266 560.
597 2169 786 2255 Adorarg
808 2210 987 2266 aliquem
1015 2208 1233 2252 Vicarium
1255 2205 1382 2263 super
1397 2213 1531 2261 terra,
1565 2218 1637 2252 aut
1656 2209 1859 2253 invocare
1878 2209 2058 2266 aliquem
2076 2209 2295 2262 Sanctum,
2319 2219 2368 2253 ut

408 2267 556 2312 Deum
570 2295 585 2317 ,
615 2278 700 2308 non
722 2264 816 2326 plus
836 2264 950 2310 valet
974 2262 1014 2305 in
1026 2263 1172 2319 Caelo,
1191 2275 1315 2318 quam
1339 2262 1444 2305 ficut
1466 2263 1701 2320 supplicare
1723 2264 1774 2307 ad
1787 2265 1927 2308 Solem
1941 2295 1955 2317 ,
1972 2265 2159 2315 Lunam,
2175 2266 2216 2312 ὅς
2233 2263 2367 2317 Astra,

406 2324 451 2366 ἀ
476 2332 661 2378 quaerere
678 2319 976 2364 Divinatorem
994 2318 1047 2362 de
1066 2315 1288 2372 responsO,
1321 2317 1362 2363 δι
1389 2319 1558 2362 credere
1580 2318 1711 2371 effato
1728 2319 1816 2373 ejus
1830 2350 1845 2372 ,
1871 2318 1983 2377 quod
2010 2331 2163 2363 vanum
2184 2318 2264 2370 est3
2286 2319 2370 2361 hoc

408 2374 528 2419 foret
551 2374 680 2419 etiam
709 2373 818 2421 ficut
838 2373 1012 2416 adorare
1032 2371 1264 2430 Templum
1288 2373 1329 2416 ὅτ
1358 2383 1442 2415 non
1462 2374 1603 2418 Deum
1623 2374 1665 2418 in
1683 2374 1894 2430 Templo:
1942 2374 1982 2427 δε
2009 2371 2123 2416 foret
2148 2372 2254 2416 ficut
2275 2371 2369 2429 sup-

409 2431 573 2486 plicare
591 2428 758 2482 servum
779 2428 931 2483 Regis,
965 2435 1205 2482 portantem
1225 2424 1583 2482 manu‘sceptrum
1613 2428 1654 2474 &
1683 2437 1887 2474 coronam
1906 2428 2023 2484 e‘us,
2051 2428 2102 2470 de
2128 2426 2372 2482 homoribujs

407 2483 584 2582 floriae,
602 2484 643 2526 &
661 2495 744 2541 non
763 2480 897 2537 ipsum
918 2484 1097 2537 Regem:
1129 2483 1169 2525 ἀ
1191 2479 1274 2523 hoc
1298 2480 1462 2526 irritum
1484 2479 1624 2534 foi-et,
1639 2481 1745 2526 ficut
1765 2482 1899 2527 abstra
1943 2494 1976 2533 e*
1992 2488 2020 2533 a‘,
2040 2481 2232 2536 subjectis
2246 2480 2371 2538 ‘oscu-

429 2538 489 2580 ari
508 2535 766 2590 splendorem
787 2547 1009 2590 purpurae,
1041 2534 1243 2590 gloriam,
1277 2534 1416 2587 lucem
1434 2565 1448 2587 ,
1484 2540 1631 2592 aureos
1652 2537 1790 2582 radios
1821 2536 1943 2590 solis,
1975 2537 2016 2581 ὅ(
2036 2535 2172 2594 ξὸίυῐῃ
2197 2546 2378 2579 nomen:

410 2592 497 2635 Pro
518 2589 626 2644 illis,
659 2589 731 2646 qui
754 2589 851 2633 talia
879 2589 1070 2641 faciunt,
1105 2589 1184 2631 fint
1215 2587 1308 2636 haec
1326 2619 1340 2640 ‚
1371 2590 1478 2644 apud
1506 2590 1734 2645 Iohannem
1755 2622 1769 2643 ‚
1810 2592 2023 2637 Manemus
2054 2593 2100 2634 in
2130 2588 2302 2635 veritate
2329 2592 2374 2633 in

404 2646 514 2749 ἶεὲι·
532 2642 684 2745 (ng-iffi
700 2676 714 2698 ,
758 2644 843 2688 Hic
858 2642 919 2703 est
947 2657 1065 2696 verus
1096 2642 1207 2711 Deus
1239 2642 1288 2694 δι’
1317 2643 1426 2690 Vita
1458 2654 1642 2703 ceter-na,
1677 2645 1825 2703 filioli,
1855 2655 1992 2694 cavete
2020 2647 2129 2695 vobis
2156 2647 2206 2692 ab
2233 2643 2375 2707 ἰάοζίτ,

501 2712 548 2757 p]
584 2731 594 2744 a
652 2713 668 2749 ἰ
690 2711 759 2744 20·
786 2711 853 2747 21·
1227 2736 1230 2739 ⁴
2247 2715 2251 2718 ’

2259 3135 2379 3199 Quod
