2658 3698
1524 66 1537 80 ὃ.

1514 82 1534 92 <-

432 258 541 313 320
684 235 2241 302 UNIVERSAT-H»E0“LOG.1A=

424 369 532 413 <dum
553 368 670 412 illum
692 367 825 411 omnis
846 368 1007 411 creatio
1027 366 1141 414 facta
1160 364 1244 422 est,
1278 369 1372 413 ideo
1388 370 1513 415 Deus
1533 382 1716 416 vocatur
1735 369 1823 426 ipse
1844 371 1991 424 Ordo,
2025 384 2153 428 quare
2173 371 2280 415 idem
2311 372 2393 424 est,

424 424 520 469 {ive
538 423 688 467 dixeris
708 421 849 464 facere
866 433 1016 466 contra
1037 424 1245 468 Divinum
1266 427 1491 479 Ordinem,
1524 426 1612 471 five
1631 428 1784 470 dixeris
1803 425 1944 469 facere
1962 437 2110 469 contra
2126 428 2292 479 Deum,
2308 427 2396 470 imo

426 478 524 577 {pse
547 480 663 522 Deus
689 489 771 519 non
795 470 930 531 potest
949 477 1095 521 facere
1111 491 1263 524 contra
1280 480 1501 525 'Divinum
1529 480 1648 527 suum
1681 481 1893 533 ordinem,
1941 482 2137 537 siquidem
2160 481 2253 524 *hoc
2279 480 2393 524 foret

455 545 574 575 acere
593 540 743 573 contra
763 532 816 574 Se
826 532 1005 596 Ipsum3¹
1024 546 1155 590 quare
1176 535 1295 578 ducit
1318 548 1488 580 omnem
1512 535 1724 580 hominem
1746 534 1970 579 secundum
1994 537 2049 579 Se
2079 536 2223 588 illum,
2257 539 2298 581 δε
2327 549 2391 578 er-

429 597 571 647 rantes
602 585 643 628 &
665 583 829 641 elapsos
847 599 888 630 m
907 587 1051 641 illum,
1084 602 1135 632 ac
1155 590 1385 643 resistentes
1407 590 1456 633 ad
1478 590 1609 641 illum.
1642 592 1684 639 Si
1702 590 1832 632 homo
1853 590 2053 644 potuisset
2083 592 2216 633 creati
2235 590 2392 648 absque

425 641 585 687 L1bero
602 640 797 683 Arbitrio
819 641 860 684 in
889 639 1196 698 spiritualibus,
1230 645 1328 700 quid
1353 648 1462 688 tunc«
1475 644 1771 699 omnipotenti
1796 643 1894 686 Deo
1916 643 2081 685 facilius
2101 641 2243 697 foret,
2266 659 2391 701 quam

430 708 578 738 omnes
599 695 642 737 in
664 694 860 739 universo
877 705 1084 749 terrarum
1099 699 1220 742 Orbe
1239 699 1445 741 adducere
1465 698 1516 740 ad
1538 697 1790 740 'credendum
1807 697 1850 739 in
1871 697 2130 749 Dominum,
2144 710 2301 743 numne
2313 713 2388 755 po-

420 750 571 793 tuisset
598 751 737 793 cuivis
759 749 916 794 inferre
947 751 1054 794 hanc
1082 752 1230 805 fidem,
1250 760 1353 796 tam
1381 752 1620 797 immediate
1646 764 1774 808 quam
1805 751 2008 802 mediate,
2042 751 2281 795 immediate
2313 766 2387 809 per

420 804 657 849 absolutam
680 805 796 849 suam
816 807 1076 861 potentiam,
1110 809 1150 852 &
1188 806 1478 852 irresistibilem
1499 807 1587 861 eius
1611 807 1900 862 operationem
1918 837 1932 858 ,
1964 817 2057 868 quae
2082 806 2283 850 continua
2303 807 2386 862 est,

420 870 471 902 ut
492 859 622 903 homo
645 859 854 912 salvetur-3
886 870 959 903 aut
982 860 1162 905 mediate
1182 873 1256 916 per
1285 862 1499 905 cruciatus
1527 861 1796 905 conscientiae
1827 861 1915 914 ejus
1941 860 2138 914 injectos,
2169 873 2245 916 per
2267 862 2393 906 lethi-

416 914 532 959 feras
549 916 738 971 corporis
762 916 1081 968 convulsion'es,
1095 918 1134 960 δε
1151 929 1301 972 graves
1323 916 1460 960 minas*
1476 917 1651 970 mortiS,
1671 917 1793 960 finon
1813 915 2050 970 recipit;ac
2070 915 2237 971 insuper
2246 929 2321 972 per
2341 930 2384 960 a·

451 971 673 1015 eritionem
701 969 873 1023 inferni,
906 971 1058 1014 &inde
1081 970 1343 1026 praesentiam
1363 971 1624 1016 diabolorum
1645 971 1877 1014 tenentium
1894 971 1935 1014 in
1960 970 2149 1014 manibus
2179 973 2385 1017 terrifica-s

424 1032 564 1078 aces,
594 1037 667 1068 aut
688 1037 765 1081 per
796 1026 1092 1069 evocationem
1128 1036 1421 1079 mortuorum,
1457 1038 1564 1082 quos
1588 1032 1880 1081 cognoverant
1897 1055 1911 1076 ‚
1945 1025 2061 1078 inde,
2104 1024 2179 1068 sub
2204 1026 2384 1084 imagine

414 1079 668 1123 terribilium
694 1079 977 1135 spectrorum3
1010 1080 1081 1123 sed
1100 1079 1161 1123 his
1185 1079 1461 1136 respondetur
1483 1093 1538 1123 ex
1560 1081 1700 1124 verbis
1718 1079 1944 1125 Abrahami
1966 1080 2018 1123 ad
2043 1079 2220 1124 divitem
2248 1081 2289 1124 in
2313 1082 2378 1127 In-

411 1134 561 1233 ἷετῃο,
583 1135 856 1233 βιΜψΞξέΙ
868 1135 1084 1190 Prophetas
1101 1149 1184 1180 non·
1197 1138 1393 1192 audiunt,
1424 1133 1544 1189 necst
1563 1138 1650 1193 quis
1670 1150 1695 1180 e·
1707 1137 1871 1180 mortuis
1885 1135 2168 1191 resurrexerit,
2175 1136 2384 1192 persuade«

439 1198 563 1232 untur
655 1201 723 1231 uc.
860 1204 870 1232 :
938 1202 972 1232 1.
1071 1221 1074 1224 -
1179 1198 1183 1202 ’
1315 1221 1318 1224 «
1767 1211 1770 1218 v

463 1220 817 1307 501.’Quaeritur
838 1202 960 1286 1103oe
975 1254 994 1295 ,·
1024 1255 1100 1287 cur
1119 1257 1203 1289 non
1226 1245 1438 1289 Miracula
1457 1246 1564 1290 fiunt
1594 1245 1945 1302 quemadmodum
1973 1246 2076 1290 olim
2100 1275 2114 1297 ,
2153 1257 2251 1290 nam
2286 1258 2377 1290 cre-

406 1298 544 1351 ditur,
577 1297 689 1354 quod
721 1297 752 1341 fi
776 1298 947 1351 fierent,
980 1298 1154 1355 quisque
1172 1301 1300 1343 corde
1328 1299 1593 1356 agnosceret:
1625 1299 1694 1341 sed
1728 1299 1841 1354 quod
1868 1299 1993 1341 hodie
2019 1312 2104 1342 non
2136 1299 2238 1342 fiant
2269 1301 2377 1344 sicut

460 1353 549 1405 ius,
580 1352 645 1396 est
660 1350 784 1396 causa
801 1364 828 1405 ,·
847 1354 942 1409 quia
960 1353 1170 1396 Miracula
1187 1364 1369 1417 cogunt,
1394 1357 1434 1398 &
1459 1352 1656 1396 auferunt
1675 1353 1863 1396 liberum‘
1878 1353 2096 1397 arbitrium
2115 1354 2157 1395 in
2185 1352 2375 1408 spiritua-

405 1365 520 1451 Filbus
540 1438 555 1460 ,
598 1407 639 1451 &
666 1407 875 1452 hominem
892 1421 924 1450 -a
946 1406 1150 1461 spirituali
1169 1408 1332 1451 faciunt
1357 1407 1614 1458 naturalem
1643 1419 1789 1450 omnes
1817 1407 1857 1449 in
1882 1406 2116 1451 Christiano
2149 1408 2251 1452 orbe
2274 1408 2375 1463 ,post

401 1463 648 1507 Adventum
669 1462 841 1505 Domini
860 1461 998 1516 potest
1024 1460 1246 1515 spiritualis
1271 1461 1360 1505 fieri
1374 1492 1389 1514 ,
1422 1463 1463 1506 &
1495 1459 1722 1517 spiritualis
1743 1461 1793 1506 fit
1810 1461 1940 1504 «unice
1958 1462 2011 1505 ab
2031 1460 2128 1518 Ipso
2189 1475 2233 1505 er
2266 1464 2370 1507 Ver·
2409 1477 2415 1483 ·

405 1517 549 1570 bum,
565 1518 605 1562 &
637 1516 824 1559 facultas
850 1516 901 1558 ad
931 1515 1012 1558 hoc
1034 1515 1212 1569 periret,
1245 1517 1273 1560 si
1304 1516 1433 1560 homo
1466 1527 1543 1572 per
1570 1516 1781 1560 Miracula
1813 1516 2090 1560 adduceretur
2124 1529 2146 1560 a
2201 1517 2372 1562 creden-

403 1572 535 1623 dum,
563 1571 759 1626 quoniam
779 1569 900 1621 haec,
931 1578 979 1612 ut
1009 1566 1132 1624 supra
1158 1570 1315 1615 dictum
1341 1570 1399 1614 est
1415 1591 1430 1623 ,
1474 1579 1635 1628 cogunt
1669 1574 1710 1616 ἀ
1735 1570 1932 1615 auferunt
1962 1573 2001 1615 ei
2034 1571 2214 1616 liberum
2246 1572 2372 1617 Arbi-

406 1626 534 1669 trium
555 1626 597 1667 in
615 1623 898 1681 spiritualibus
906 1626 979 1677 ,ἀ
1001 1636 1127 1668 omne
1146 1627 1344 1678 coafitum
1364 1626 1404 1669 in
1427 1625 1580 1668 talibus
1602 1626 1645 1668 se
1664 1626 1794 1670 infert
1813 1628 1855 1670 in
1874 1626 2108 1671 naturalem
2129 1626 2368 1681 hominem,

403 1682 448 1726 ἀ
468 1679 658 1722 occludit
677 1680 782 1723 sicut
798 1678 904 1721 ostio
927 1677 1207 1734 spiritualem,
1264 1680 1303 1722 ui
1318 1692 1420 1723 vere
1439 1681 1498 1724 est
1516 1681 1709 1724 Internus
1727 1681 1856 1726 homo
1868 1712 1882 1733 ,
1916 1683 1958 1726 &
1973 1682 2102 1725 orbat
2125 1681 2236 1726 hunc
2252 1684 2367 1728 omni

399 1734 593 1790 potentia
623 1734 788 1778 videndi
814 1733 981 1789 aliquod
1007 1746 1156 1778 verum
1177 1736 1236 1779 in·
1260 1746 1359 1788 uce,
1393 1747 1523 1790 quare
1541 1734 1683 1790 postea
1706 1734 1758 1776 de
1776 1733 2058 1791 spiritualibus
2090 1736 2363 1781 ratiocinare-

402 1799 476 1834 ωι-
494 1800 546 1830 ex
567 1788 657 1832 solo
675 1788 853 1834 naturali
873 1789 1066 1842 homine,
1097 1791 1168 1847 qui
1187 1802 1314 1836 omne
1334 1801 1435 1832 vere
1461 1788 1673 1845 spirituale
1693 1789 1809 1832 videt
1827 1788 1999 1833 inverse.
2060 1790 2191 1854 Quod
2222 1800 2365 1838 autem

398 1854 504 1886 ante
516 1844 757 1888 Adventum
778 1843 958 1888 Domini
981 1844 1092 1888 facta
1115 1845 1194 1888 sint
1216 1844 1451 1895 Miracula‚
1485 1843 1568 1889 fuit
1582 1843 1729 1896 causa,
1764 1843 1861 1900 quia
1880 1855 1982 1888 tunc
2001 1845 2191 1888 homines
2209 1845 2361 1889 Eccle-

402 1899 471 1943 siae
493 1908 614 1942 erant
643 1899 876 1951 naturales,
912 1899 1061 1955 quibus
1086 1898 1344 1955 spiritualia,
1376 1910 1470 1954 quae
1505 1898 1599 1942 sunt
1635 1898 1807 1945 internae
1834 1899 2031 1943 Ecclesiae
2050 1930 2064 1951 ‚
2096 1911 2180 1943 non
2212 1911 2362 1954 potue-

401 1963 502 1997 runt
522 1954 698 2009 aperiri»,
731 1967 828 1999 nam
846 1954 878 1998 fi
903 1954 1190 2009 aperirentur,
1221 1952 1590 2009 prophanaviss'ent
1610 1950 1707 2004 illa3
1738 1964 1867 2009 quare
1891 1954 2022 1996 etiam
2047 1954 2186 1997 omnis
2206 1954 2360 1999 Cultus

399 2008 573 2052 illorum
590 2010 833 2054 consistebat
853 2009 895 2052 in
918 2008 1180 2061 Ritualibus,
1212 2021 1308 2064 quae
1333 2007 1706 2063 Repraesentabant
1725 2008 1766 2052 ὅ(
1787 2006 2074 2063 significabant
2093 2007 2254 2051 iuterna
2275 2008 2360 2052 Ec-

398 2063 558 2116 clefiae,
591 2064 631 2110 δι
650 2065 691 2110 hi
717 2077 799 2108 non
822 2073 1055 2121 potuerunt
1077 2063 1226 2113 adduci
1248 2063 1299 2107 ad
1318 2062 1392 2107 illa
1420 2063 1502 2105 rite
1524 2062 1743 2114 obeunda,
1777 2074 1902 2119 quam
1924 2074 2000 2119 per
2033 2061 2274 2118 Miracula3
2314 2065 2359 2110 ὃς

393 2118 512 2172 quod
533 2127 583 2160 ne
641 2119 776 2163 uidem
795 2131 870 2174 per
888 2117 1090 2161 miracula
1105 2147 1119 2168 ,
1153 2118 1250 2174 quia
1271 2115 1627 2174 repraesentativis
1642 2115 1722 2159 illis
1736 2117 1869 2158 inerat
1887 2117 2094 2161 internum
2117 2116 2356 2172 spirituale,

395 2180 520 2228 patet
542 2185 566 2215 a
589 2173 685 2216 fiiis
706 2174 866 2217 Israelis
890 2173 930 2216 in
952 2170 1146 2223 deserto,
1178 2171 1247 2226 qui
1274 2171 1438 2215 tametsi
1461 2180 1529 2213 tot
1552 2169 1765 2214 Miracula
1789 2170 1983 2215 viderunt
2002 2170 2045 2213 in
2067 2173 2123 2214 AE
2184 2182 2285 2227 pto,
2315 2175 2356 2217 ὅτ

392 2227 537 2281 postea
556 2228 785 2280 maximum
805 2227 907 2270 illud
928 2226 972 2271 su
1004 2239 1050 2269 er
1069 2227 1224 2273 Monte
1248 2226 1387 2277 Sinai,
1422 2223 1552 2281 usque
1576 2223 1670 2279 post
1691 2222 1872 2269 mensem
1884 2225 2052 2286 ,dierum
2071 2226 2123 2268 ab
2141 2235 2240 2269 ente
2255 2226 2355 2269 Mo·
2391 2262 2403 2272 ,

391 2280 461 2334 se,
495 2281 753 2326 saltaverunt
779 2284 942 2327 circum
1014 2281 1166 2325 itulum
1189 2292 1383 2333 aureum,
1415 2293 1465 2324 ac
1489 2278 1721 2325 vociferati
1747 2278 1858 2336 quod
1881 2278 1952 2323 1lle
1971 2279 2163 2323 eduxerit
2189 2279 2283 2322 illos
2300 2292 2354 2325 ex

394 2337 452 2380 AE
484 2347 628 2393 ypt03
655 2337 886 2381 consimilia
903 2335 1017 2380 fafita
1044 2334 1140 2379 sunt
1180 2335 1232 2377 ab
1259 2334 1341 2378 illis
1368 2335 1409 2376 in
1450 2343 1562 2377 terra
1602 2334 1772 2377 Canaan
1788 2364 1803 2386 ,
1844 2333 2006 2377 tametsi
2052 2334 2246 2378 viderunt
2297 2348 2351 2380 ex

391 2392 458 2436 cel
476 2393 588 2434 entia
607 2392 807 2437 miracula
824 2404 901 2447 per
923 2389 1057 2435 Eliam
1078 2392 1120 2435 &
1141 2389 1339 2435 Elisaeum
1361 2389 1497 2441 faita,
1530 2391 1572 2433 δι
1595 2387 1879 2443 demum-ipsa
1903 2388 2062 2432 Divina
2086 2402 2110 2432 a
2144 2389 2348 2434 Domino.

390 2446 606 2490 Miracula
635 2459 718 2489 non
746 2447 854 2490 fiunt
881 2445 1029 2495 hodie,
1062 2445 1266 2500 imprimis
1325 2452 1477 2499 ropter
1504 2443 1611 2488 hanc
1640 2440 1836 2493 causam,
1885 2444 1982 2499 quia
2009 2444 2199 2488 Ecclesia
2226 2456 2352 2489 omne

390 2500 592 2544 Liberum
613 2501 830 2543 arbitrium
850 2499 1008 2542 homini
1029 2498 1253 2553 adempsit,
1286 2456 1330 2541 ἅ
1354 2496 1437 2539 hoc
1467 2496 1666 2552 adempsit
1692 2508 1764 2553 per
1792 2496 1898 2549 hoc,
1932 2498 2045 2553 quod
2084 2496 2310 2540 sanciverit
2329 2529 2346 2551 ,

388 2555 504 2611 quod
523 2554 652 2602 homo
670 2553 840 2609 prorsus
860 2553 962 2599 nihil
982 2551 1176 2598 conferre
1197 2553 1320 2607 poffit
1343 2551 1392 2594 ad
1425 2551 1716 2607 accipiendum
1749 2551 1874 2597 fidem
1889 2582 1902 2604 ,
1935 2564 2013 2598 nec
2039 2551 2258 2611 quisquam
2293 2554 2346 2596 ad

385 2608 727 2662 conversionem,
769 2610 811 2653 ὅ(
837 2608 879 2650 in
913 2619 1062 2664 genere
1094 2607 1146 2650 ad
1174 2606 1373 2658 salutem,
1397 2606 1591 2649 videatur
1608 2604 1754 2660 supra,
1785 2618 1824 2649 n:
1849 2610 1962 2663 4643
1992 2605 2124 2650 homo
2157 2608 2228 2663 qui
2253 2607 2348 2654 haec

385 2665 544 2716 credit,
576 2663 627 2708 fit
652 2664 747 2718 plus
773 2665 814 2707 &
835 2663 929 2718 plus
948 2661 1173 2714 naturalis,
1191 2662 1246 2719 j&
1275 2660 1479 2717 naturalis
1508 2660 1662 2712 homo,
1693 2671 1743 2703 ut
1774 2659 1893 2716 supra
1919 2660 2077 2706 dictum
2100 2661 2184 2712 est,
2214 2674 2344 2704 omne

383 2718 605 2776 spirituale
625 2718 784 2782 spectat
802 2715 987 2770 inverse,
1019 2718 1060 2762 δε
1082 2716 1176 2759 inde
1194 2729 1248 2759 co
1280 2717 1357 2758 itat
1385 2726 1535 2758 contra
1553 2715 1680 2766 illud,
1713 2714 1847 2771 Regio
1868 2713 2058 2773 superior
2078 2716 2233 2759 mentis
2268 2717 2343 2763 ho·

385 2774 538 2826 minis,
582 2773 653 2815 ubi
676 2773 875 2818 Liberum
909 2771 1128 2815 arbitrium
1157 2772 1198 2814 in
1249 2770 1510 2827 piritualibus
1528 2769 1727 2825 primario
1747 2768 1915 2820 residet,
1948 2769 2267 2823 occluderetur,
2300 2772 2342 2816 δε

381 2826 637 2892 spiritualia,
670 2841 762 2884 quae
791 2840 866 2883 per
894 2826 1097 2886 miracula
1121 2825 1234 2882 quafi
1265 2825 1515 2869 confirmata
1548 2823 1665 2875 sunt,
1697 2823 1922 2921 Reqjonem
1951 2822 2191 2867 inferiorem
2229 2837 2342 2869 men-

381 2892 464 2936 tis,
495 2897 592 2940 quae
617 2896 731 2927 mere
760 2882 958 2926 naturalis
988 2881 1070 2936 est,
1103 2888 1397 2936 occuparent,
1427 2878 1737 2923 remanentibus
1784 2891 1825 2924 1c
1853 2877 1973 2932 supra
2002 2877 2108 2922 hanc
2145 2878 2260 2923 falsis
2290 2880 2342 2923 de

381 2938 494 2989 fide,
525 2938 797 2981 conversione
817 2938 858 2982 &
883 2936 1043 2988 salute,
1074 2936 1167 2980 inde
1192 2937 1340 2987 fieret,
1370 2934 1482 2989 quod
1502 2935 1668 2993 Satanae
1696 2932 1936 2975 habitarent
1952 2931 2098 2989 supra,
2129 2946 2185 2976 ac
2206 2934 2340 2990 Ange.

380 2991 414 3035 li
436 2990 571 3043 infra,
603 2993 709 3035 sicut
734 2993 926 3035 vultures
945 2990 1068 3047 super
1092 2991 1255 3048 gallinis
1272 3023 1286 3043 ,
1318 2990 1411 3032 inde
1428 2987 1523 3053 post
1539 2987 1703 3043 aliquod
1726 2997 1892 3042 tempus
1918 2985 2071 3032 satanae
2093 2998 2340 3043 rumperent

375 3044 629 3101 <repagulum
645 3076 658 3098 ‚
693 3048 734 3090 ὅ(
754 3059 852 3089 cum
871 3047 1018 3090 furore
1034 3055 1298 3100 erumperent
1320 3045 1359 3087 in
1380 3042 1629 3095 spiritualia,
1658 3055 1751 3098 quae
1772 3041 1879 3086 infra
1894 3041 2034 3086 locum
2049 3042 2199 3088 sortita
2214 3042 2335 3099 sunt,

376 3102 425 3148 ἁ
453 3101 524 3144 illa
541 3111 623 3142 non
647 3101 774 3144 modo
801 3111 1025 3157 negarent,
1057 3099 1126 3144 sed
1152 3099 1279 3144 etiam
1308 3096 1641 3154 blasphemarent
1673 3100 1715 3145 &
1740 3097 2049 3157 prophanarent
2059 3111 2073 3153 3
2116 3098 2208 3143 inde
2241 3096 2331 3143 sors

377 3156 559 3207 hominis
583 3154 788 3214 posterior
807 3157 944 3201 multo
969 3157 1088 3215 pejor
1109 3155 1242 3215 priori
1265 3154 1399 3200 fieret.
1461 3174 1463 3177 v
2235 3186 2320 3263 5&
