2658 3698
376 212 479 281 με
594 203 1253 267 UNIVERSA
1325 204 2136 275 THEoLoG-1A;

377 336 465 389 ste,
498 336 607 381 estne
626 335 682 380 fic
707 334 798 391 lpse
816 334 857 377 in
874 333 972 384 ille,
995 332 1026 376 fi
1048 344 1149 389 ergo
1165 332 1308 376 facitis
1330 334 1486 380 bonum
1508 348 1563 380 ex
1583 337 1748 390 Verbo,
1779 336 1974 383 facitisne
1990 338 2030 382 id
2047 351 2099 392 ex
2121 338 2335 393 Domino,

378 404 431 435 ex
452 390 580 448 Ipsius
600 403 672 433 ore
692 391 732 433 &
760 389 1001 449 voluntate,
1032 389 1074 432 δι
1097 388 1124 431 ii
1147 397 1249 432 tunc
1270 388 1465 443 spectatis
1489 391 1538 434 ad
1558 391 1813 446 Dominum,
1842 394 1970 438 etiam
1992 393 2086 450 Ipse
2111 391 2190 438 vo's
2212 395 2340 437 ducet

379 449 423 492 δι
443 446 638 497 docebit,
670 447 710 488 ἀ
736 456 814 505 vos
828 440 1004 505 ‘facietis
1026 442 1130 485 illud
1150 455 1203 485 ex
1223 443 1346 489 vobis
1369 458 1393 487 a
1412 445 1624 499 Domin03
1657 447 1749 504 quis
1774 449 1912 504 potest
1933 450 2074 493 dicere
2093 481 2107 503 ,
2140 450 2211 506 qui
2234 448 2342 491 facit

381 500 539 556 aliquid
565 513 589 541 a
607 500 745 553 Rege,
776 496 888 539 illius
911 509 987 539 ore
1004 497 1046 542 δι
1064 497 1285 550 mandato,
1319 498 1402 541 hoc
1425 499 1545 543 facio
1567 514 1620 544 ex
1651 514 1746 544 meo
1766 514 1840 545 ore
1869 502 1940 548 seu
1964 505 2183 555 mandato,
2216 506 2257 549 δι
2285 515 2341 546 eit

382 568 476 601 mea
511 555 745 595 voluntate.
804 550 901 596 Post
930 550 1021 595 haec
1061 554 1276 598 convertit
1301 551 1344 596 se
1379 554 1430 596 ad
1457 555 1638 599 Clerum
1659 586 1674 608 ,
1717 559 1757 601 ὅ(
1780 557 1914 610 dixit,
1945 558 2137 603 Ministri‘
2155 558 2264 611 Dei,
2294 569 2347 600 ne

376 609 562 655 seducite
583 606 781 662 Gregem.
841 605 1115 668 His-auditis,
1148 608 1331 650 maxima
1352 620 1448 662 pars
1477 607 1632 665 Gregis
1651 610 1792 654 finistri
1815 613 1999 665 recellit,
2030 613 2073 656 dc
2093 612 2223 667 Gregi
2245 613 2346 655 dex-

376 676 447 708 tro
470 661 511 704 se
536 661 736 705 adunivit.
798 659 934 723 Aliqui
953 670 1054 705 tunc
1079 674 1132 704 ex
1156 661 1287 705 Clero
1305 662 1528 715 dicebant,
1560 663 1798 706 audivimus
1814 677 1914 718 quae
1938 678 2023 720 non
2070 666 2179 719 rius,
2203 665 2343 710 sumus

377 717 593 769 Pastores‚
626 727 710 760 non
741 716 1022 764 relinquemus
1044 717 1185 769 Oves,
1219 718 1258 762 δι
1290 718 1544 760 recefferunt
1577 728 1657 761 una
1687 730 1786 760 cum
1813 718 1921 770 illis;
1954 721 1994 763 δι
2055 719 2251 770 icebant,
2275 719 2344 762 hic

374 773 453 816 Vir
472 771 674 827 loquutus
700 771 759 814 est
784 771 969 814 Verbum
991 783 1160 822 verum,
1227 771 1290 812 uis
1319 771 1459 814 dicere
1482 771 1648 826 potest,
1680 771 1890 828 quisfacit
1916 784 1971 815 ex
1995 773 2163 825 Verbo,
2207 773 2266 815 ita
2290 777 2347 816 eit

375 825 593 878 Domine,
624 826 753 880 Ipfius
776 832 849 868 ore
874 824 915 868 &
936 824 1180 877 voluntate,
1245 837 1299 867 oc
1318 823 1435 869 facio
1452 836 1505 868 ex
1531 837 1620 876 me;
1653 827 1746 882 quis
1760 826 1887 881 dicit,
1920 827 1993 892 qui
2015 825 2124 871 facit
2140 839 2194 869 ex
2206 827 2346 882 Rege,

372 882 485 927 illius
515 892 590 924 ore
615 881 656 924 &
677 881 921 933 voluntate,
951 880 1035 922 hoc
1055 879 1170 923 facio
1191 891 1244 922 ex
1265 891 1345 924 me.
1405 880 1503 924 Nos
1533 880 1721 925 videmus
1749 894 1860 926 nune
1885 882 2085 937 Divinam
2115 881 2345 936 Providen-

375 937 506 989 tiam,
541 946 618 979 cur
642 947 727 978 non
738 935 924 977 -inventa
952 934 1036 979 fuit
1055 933 1168 978 Fidei
1195 936 1236 979 δι
1263 935 1470 980 bonorum
1497 935 1689 990 Operum
1706 937 1971 992 coniunctio,
2006 949 2099 993 quae
2119 937 2172 980 ab
2194 935 2348 981 Eccle-

375 991 535 1039 fiastica
563 989 780 1035 societate
800 990 942 1053 agnita
957 989 1039 1039 est3
1071 1002 1155 1033 non
1178 989 1320 1043 potuit
1338 988 1548 1042 inveniri,
1582 990 1680 1049 quia
1709 1004 1792 1035 non
1814 992 1958 1053 potuit
1977 991 2090 1045 dari,
2123 1003 2205 1037 non
2228 991 2342 1035 enim

373 1045 461 1090 fuit
489 1045 611 1090 Fides
639 1044 681 1087 in
692 1044 960 1097 Dominum,
991 1044 1062 1101 qui
1081 1043 1141 1087 est
1159 1044 1368 1097 Verbum,
1401 1047 1440 1090 ἀ
1462 1044 1556 1089 inde
1578 1057 1656 1089 nec
1675 1044 1759 1088 fuit
1779 1045 1904 1090 -Fides
1922 1058 1948 1089 e
1964 1046 2119 1090 Verbo.
2177 1046 2257 1090 Sed
2282 1045 2344 1088 're-

372 1099 480 1156 liqui
507 1099 776 1151 Sacerdotes,
810 1100 881 1156 qui
899 1110 1018 1142 erant
1037 1112 1090 1141 ex
1114 1097 1256 1153 Grege
1274 1097 1517 1152 hircorum,
1548 1100 1743 1154 abibant,
1765 1102 1806 1148 &
1821 1101 2043 1145 vibrabant
2062 1100 2198 1158 pileos
2221 1099 2341 1154 suos,

376 1155 703 1205 declamabant,
734 1154 832 1197 Sola
859 1153 1004 1207 Fides,
1035 1154 1132 1197 Sola
1159 1152 1305 1206 Fides,
1339 1154 1459 1196 vivet
1473 1152 1619 1211 usque.
2036 1198 2038 1200 ,

430 1223 493 1265 50
523 1241 534 1251 .
564 1208 780 1274 Qum-tm
809 1209 1124 1269 MEMORMJILE.
1157 1207 1287 1258 Eram
1307 1208 1348 1251 in
1367 1207 1557 1253 sermone
1577 1220 1674 1252 cum
1693 1210 1887 1275 Angelis,
1916 1211 1958 1256 ὅ(
1977 1210 2213 1268 deniuede
2231 1210 2345 1255 Con·

375 1265 478 1320 cupi
499 1273 639 1307 centia
661 1261 782 1315 mali,
797 1263 838 1307 in
857 1275 939 1359 qua
964 1261 1136 1318 qulsque
1150 1261 1280 1322 homo
1298 1261 1357 1305 est
1373 1275 1428 1305 ex
1451 1264 1675 1307 nativitate
1690 1294 1704 1316 ,
1735 1265 1844 1307 dixit
1867 1277 1973 1319 unus
1993 1277 2050 1320 qu
2124 1266 2166 1309 in
2180 1265 2345 1310 Mundo

370 1319 444 1363 ubi
469 1318 551 1371 est,
583 1331 607 1361 a
668 1328 813 1361 areant
838 1316 901 1360 ili
930 1317 999 1371 qui
1026 1317 1067 1360 in
1096 1315 1558 1372 concupiscentia‘sunt
1578 1347 1592 1368 ,
1636 1319 1759 1360 nobis
1784 1319 1941 1374 angelis
1965 1319 2072 1362 ficut
2102 1316 2243 1370 fatui,
2277 1317 2346 1371 sed

369 1374 434 1419 illi
463 1373 535 1420 fibi
564 1373 607 1430 ip
623 1385 658 1418 is
681 1382 782 1415 tunc
809 1372 916 1416 ficut
945 1369 1103 1415 summe
1123 1370 1350 1425 sapientes,
1384 1380 1644 1433 quapropter
1666 1383 1713 1413 ut
1736 1383 1789 1413 ex
1811 1371 2020 1416 fatuitate
2039 1369 2111 1416 sua
2129 1372 2358 1417 exn-alian?

374 1438 475 1480 tur,
506 1439 582 1483 per
606 1427 721 1470 vices
739 1427 1011 1473 remittuntur
1034 1426 1074 1468 in
1101 1425 1240 1477 illam,
1274 1427 1312 1469 &
1336 1436 1411 1478 per
1432 1437 1548 1467 vices
1578 1423 1619 1467 in
1643 1425 1870 1480 rationale,
1903 1426 2015 1483 quod
2041 1428 2150 1484 apud
2173 1427 2273 1471 illos
2302 1426 2359 1473 in,

372 1482 560 1526 externis
585 1480 670 1535 est,
705 1483 745 1526 δι
768 1480 808 1523 in
842 1480 924 1522 hoc
952 1479 1059 1522 statu
1084 1479 1254 1529 vident,
1288 1477 1519 1541 agnoscunt
1539 1479 1581 1523 ὅ(
1603 1480 1862 1524 confitentur
1883 1480 2081 1527 insaniam
2111 1480 2227 1534 suam
2247 1511 2270 1534 ,.
2291 1492 2348 1532 fat

375 1536 510 1593 usque
538 1548 562 1578 e
592 1536 699 1581 statu
727 1533 918 1578 rationali
955 1531 1031 1581 suo
1059 1533 1099 1576 in
1130 1533 1282 1595 statum
1309 1531 1497 1578 insanum
1522 1533 1642 1578 suum
1660 1533 1928 1592 discupiunt,
1957 1537 1998 1582 δι
2033 1549 2204 1594 quoque
2234 1535 2275 1579 se
2302 1536 2345 1580 in

373 1591 488 1636 hunc
511 1591 768 1640 immittunt,
804 1588 911 1632 ficut
931 1601 954 1631 a
983 1589 1136 1631 coacto
1161 1590 1202 1633 ἀ
1231 1587 1455 1641 injucundo
1476 1589 1516 1633 in
1545 1589 1722 1634 liberum
1749 1592 1789 1636 &
1814 1591 2070 1646 jucundum3
2100 1593 2160 1635 ita
2191 1603 2348 1635 concu-

408 1646 581 1690 iscentIa
610 1644 781 1697 interius
811 1642 995 1704 oblegstat
1017 1641 1138 1694 illos,
1171 1644 1212 1687 δι
1236 1654 1319 1684 non
1347 1642 1632 1699 intelligentia.
1688 1645 1795 1696 Sunt
1828 1656 1913 1689 tres
1935 1649 2115 1692 Amores
2136 1643 2346 1690 universa·

391 1713 459 1753 es,
489 1712 541 1742 ex
566 1699 715 1754 quibus
735 1711 759 1741 a
778 1697 1001 1740 Creatione
1018 1696 1226 1740 conflatus
1246 1696 1305 1740 est
1328 1697 1464 1756 omnis
1496 1699 1622 1742 homo
1640 1730 1654 1751 ,
1694 1700 1830 1744 Amor
1859 1701 2042 1756 proximi
2061 1731 2076 1754 ‚
2096 1701 2185 1757 ,qui
2216 1701 2345 1744 etiam

373 1754 437 1800 est
455 1755 588 1801 Amor
609 1751 792 1797 faciendi
814 1750 933 1805 usuS,
948 1752 1016 1795 liic
1035 1764 1156 1796 amor
1175 1749 1235 1795 est
1257 1750 1504 1806 spiritualis3
1520 1755 1652 1798 Amor
1672 1754 1847 1806 Mundi,
1875 1755 1949 1811 qui
1974 1755 2103 1798 etiam
2135 1753 2194 1798 est
2222 1762 2342 1799 amor

371 1807 598 1867 poffidendi
627 1820 752 1863 opes,
783 1804 852 1850 hic
880 1818 1002 1858 ,amor
1026 1805 1085 1849 est
1112 1805 1367 1861 materialis;
1407 1820 1457 1850 ac
1487 1809 1620 1853 Amor
1652 1806 1740 1860 sui,
1779 1809 1857 1865 'qui
1877 1810 2008 1854 etiam
2035 1809 2095 1854 est
2119 1815 2238 1853 amor
2269 1809 2345 1852 im·

369 1863 544 1921 perandi
574 1861 618 1906 su
650 1875 694 1905 er
724 1861 852 1913 alios,
884 1861 927 1905 ἃ
949 1860 1017 1904 hic
1040 1874 1162 1905 amor
1184 1860 1243 1903 est
1269 1873 1521 1916 corporeus:
1553 1863 1700 1906 Homo
1715 1863 1774 1907 est
1796 1875 1896 1905 vere
1908 1863 2062 1916 homo,
2092 1864 2189 1910 dum
2209 1863 2343 1908 Amor

371 1918 583 1975 proximi,
634 1931 686 1961 eu
707 1928 824 1960 amor
842 1913 1022 1959 faciendi
1041 1915 1161 1967 usus,
1183 1913 1291 1957 facit
1305 1915 1472 1970 Caput,
1505 1919 1545 1962 ὅ(
1565 1917 1698 1964 Amor
1715 1918 1864 1961 Mundi
1886 1917 1956 1961 seu
1979 1917 2346 1971 amor'poffideudi

373 1986 481 2030 opes
499 1972 604 2017 facit
628 1973 776 2017 Festus
794 1973 835 2016 &
855 1972 1083 2023 Ventrem,
1109 1984 1158 2013 ac
1178 1971 1311 2014 Amor
1330 1969 1389 2014 sui
1412 1969 1482 2014 seu
1502 1982 1625 2016 amor
1649 1971 1876 2027 imperandi
1891 1971 1998 2018 facit
2017 1972 2148 2017 Pedes
2166 1973 2207 2016 ὅ(
2225 1965 2346 2033 Plan†

372 2039 445 2071 tas
462 2040 637 2080 eorum3
668 2037 713 2070 at
731 2026 762 2070 si
783 2026 915 2069 Amor
940 2026 1081 2070 mundi
1102 2025 1208 2069 facit
1233 2025 1397 2081 Caput,
1431 2025 1561 2070 homo
1583 2038 1667 2070 non
1682 2025 1747 2081 *est
1778 2027 1908 2071 homo
1934 2027 2055 2071 aliter
2074 2038 2200 2086 quam
2228 2025 2338 2070 ficut

355 2082 601 2182 >{ibbosus3
633 2092 677 2124 at
699 2082 728 2125 fi
754 2081 887 2124 Amor
906 2078 967 2123 sui
989 2079 1096 2123 facit
1116 2080 1286 2134 Caput,
1318 2092 1400 2122 non
1420 2079 1479 2123 est
1497 2080 1604 2124 ficut
1624 2080 1753 2124 homo
1780 2081 1884 2125 stans
1902 2081 2026 2138 super
2046 2081 2244 2138 pedibUS‚
2274 2078 2363 2124 sed·

395 2152 406 2182 1

410 2146 484 2180 cut
514 2135 637 2193 super
650 2135 801 2192 palmis
822 2146 1020 2178 manuum
1039 2133 1178 2188 capite
1195 2131 1390 2177 deorsum
1410 2135 1449 2178 δι
1471 2134 1663 2177 clunibus
1686 2132 1859 2178 sursum.
1917 2137 2100 2196 Quando
2127 2136 2261 2180 Amor
2276 2133 2342 2177 fa·
2419 2145 2421 2147 ’

375 2192 512 2235 ciendi
534 2191 630 2255 ultus
662 2190 768 2233 facit
790 2189 960 2253 Capu-t,
1000 2202 1051 2232 ac
1078 2187 1225 2251 reliqui
1258 2188 1343 2253 duo
1372 2201 1536 2247 amores
1568 2187 1737 2252 faciunt
1758 2188 1905 2252 ordine
1933 2194 2093 2249 corpus
2121 2191 2161 2234 &
2186 2189 2311 2244 pedes
2306 2218 2339 2287 d

370 2242 2337 2361 {alai-‘ii:1251hszff23¹3,n‘iaessa‘ziariipfflffeisszarssffi{¹⁰6¹22i522‘252035iffi‘wagini

373 2369 476 2400 cum
497 2355 661 2399 circulo
690 2354 804 2399 flavo
825 2354 986 2405 circum
1007 2353 1173 2409 Caput;
1205 2352 1234 2396 fi
1256 2364 1360 2396 vero
1382 2365 1502 2396 amor
1523 2350 1584 2395 sui
1605 2351 1676 2397 seu
1698 2353 1925 2407 imperandi
1947 2348 2070 2407 super
2101 2351 2204 2395 alios
2230 2349 2341 2394 facit

375 2411 544 2466 Caput,
576 2419 751 2465 apparet
778 2409 849 2453 ille
878 2420 903 2449 e
930 2407 1052 2452 Caelo
1072 2407 1185 2463 facie
1206 2406 1369 2464 ignitim
1395 2406 1546 2458 furva,
1577 2419 1676 2451 cum
1700 2407 1863 2449 circulo
1886 2406 1983 2449 albo
2008 2407 2174 2451 circum
2185 2406 2339 2462 Caput.

376 2465 445 2510 Ad
467 2464 558 2507 haec
581 2462 775 2519 quaefivi,
808 2461 907 2517 quid
923 2460 1223 2515 repraesentant
1247 2459 1409 2506 Circuli
1433 2460 1598 2504 circum
1622 2460 1791 2516 capita,
1828 2459 2158 2517 respondebant,
2190 2472 2342 2516 reprae·

376 2518 545 2562 sentant
573 2515 918 2578 intelligentiam;
950 2515 1134 2560 circulus
1154 2515 1272 2558 albus
1292 2514 1454 2559 circum
1480 2513 1623 2570 Caput
1646 2514 1774 2560 faciei
1807 2516 1968 2571 ignitim
1988 2515 2155 2571 furvae,
2189 2527 2341 2572 repraer

373 2572 541 2624 sentat,
571 2571 684 2629 quod
709 2569 988 2626 intelligentia
1005 2568 1094 2623 ‘ejus
1119 2569 1161 2612 in
1184 2567 1365 2612 externis
1382 2567 1455 2620 fit,
1483 2567 1570 2612 five
1597 2569 1760 2614 circum
1784 2569 1928 2622 illum,
1962 2579 2006 2613 at
2029 2569 2183 2615 insania
2215 2569 2255 2613 in
2281 2566 2343 2614 in·

374 2628 506 2672 ternis
540 2624 608 2670 seu
639 2626 679 2669 in
712 2625 812 2676 illo;
842 2624 970 2667 etiam
993 2622 1147 2676 homo,
1178 2622 1250 2680 qui
1281 2620 1398 2684 talis,
1428 2621 1537 2684 sapit
1558 2635 1659 2668 cum
1691 2625 1731 2667 in
1761 2635 1943 2680 corpore
1964 2624 2052 2678 est,
2094 2633 2138 2668 at
2167 2622 2340 2676 insanit,

378 2683 479 2726 dum
501 2681 543 2725 in
569 2679 740 2737 spiritu;
772 2680 813 2723 ἁ
836 2677 976 2722 nullus
999 2678 1127 2721 homo
1146 2674 1255 2731 sapit
1277 2676 1451 2732 spii-ita,
1484 2677 1555 2722 nili
1585 2690 1609 2721 a
1629 2678 1845 2733 Domino,
1876 2680 1989 2736 quod
2012 2679 2063 2724 fit
2088 2691 2187 2723 cum
2204 2679 2344 2723 denuo

379 2737 435 2780 ab
461 2734 559 2792 Ipso
582 2743 804 2800 generatur
824 2735 865 2779 &
887 2742 1069 2775 creatur.
1099 2726 1181 2775 His
1199 2730 1319 2775 distis
1338 2731 1601 2787 aperiebatur
1620 2743 1732 2778 terra
1751 2734 1802 2778 ad
1823 2733 2047 2786 sinistrum,
2067 2736 2106 2778 ἀ
2127 2746 2203 2790 per
2221 2744 2339 2789 aper·

373 2800 517 2835 turam
549 2789 635 2834 vidi
664 2787 943 2846 affui-gentem
972 2785 1203 2849 Diabolum
1229 2782 1340 2829 facie
1375 2787 1535 2841 ignitim
1570 2785 1698 2831 furva
1726 2801 1823 2833 curn
1853 2789 2018 2833 circulo
2055 2787 2153 2832 albo
2180 2789 2343 2834 circum
2376 2835 2378 2838 ,

371 2845 542 2901 Caput,
574 2847 616 2891 δι
643 2842 990 2898 sciscitavi,quis
1013 2854 1084 2895 es,
1115 2840 1250 2892 dixit,
1286 2840 1375 2884 sum
1407 2840 1582 2887 Lucifer
1606 2842 1714 2888 filius
1753 2856 1942 2895 auroeae,
1976 2845 2016 2889 δι
2042 2844 2140 2899 quia
2170 2841 2344 2889 fiinilem

367 2913 439 2946 me
468 2899 551 2944 feci
576 2899 805 2952 AltisfimO,
837 2897 1020 2951 dejectus
1043 2896 1130 2940 suin
1146 2927 1160 2948 ,
1192 2896 1298 2940 ficut
1330 2894 1547 2940 describor
1579 2897 1684 2952 Esaj.
1708 2897 1847 2951 XIV3
1892 2907 1936 2943 at
1956 2910 2038 2941 non
2060 2898 2142 2942 fuit
2167 2897 2240 2942 ille
2258 2896 2343 2940 Lu·

368 2954 505 3006 cifer,
542 2953 610 2997 sed
645 2953 823 2997 credidit
839 2951 887 2997 se
907 2951 990 2995 effe
1009 2951 1153 2996 illum:
1186 2953 1226 2996 &
1247 2949 1355 3002 dixi,
1389 2961 1486 2995 cum
1509 2952 1690 3008 dejectus
1712 2965 1781 3005 es,
1815 2966 1899 3009 quo
1912 2954 2180 3010 nodopotes
2207 2949 2341 2998 resur-

422 3021 467 3050 re
495 3021 547 3051 es<
576 3007 771 3060 lnferno,
808 3004 1105 3064 &⁴respondit,
1139 3002 1228 3050 sum
1253 3005 1309 3048 ibi
1343 3005 1575 3060 Diabolus,
1620 3017 1663 3050 at
1689 3008 1756 3056 hic
1787 3006 1875 3053 sum
1904 3009 2087 3064 Angelus
2119 3007 2254 3059 lucis,
2282 3005 2356 3053 vis

411 3061 487 3106 vsne
513 3063 654 3118 Caput
674 3074 813 3108 meum
840 3062 1010 3118 clngulo
1035 3060 1134 3105 albo
1161 3060 1371 3112 cinctum,
1405 3062 1455 3123 δὲ
1477 3073 1671 3117 quoque,
1704 3063 1733 3107 fi
1770 3063 1865 3115 viS,
1899 3063 2059 3107 videbis
2079 3095 2092 3115 ,
2125 3062 2238 3120 quod
2268 3059 2342 3112 sim

362 3119 534 3169 moralis
554 3118 663 3175 inter
682 3116 893 3172 morales,
924 3128 975 3166 ac
997 3113 1212 3164 rationalis
1231 3114 1340 3161 inter
1364 3116 1615 3172 rationales,
1645 3117 1733 3164 imo
1761 3116 1986 3177 spiritualis
2006 3118 2120 3165 >inter
2152 3115 2343 3212 spii-itltg:

2327 3199 2343 3224 1
