2658 3698
327 217 942 298 53⁶1N12nx
1020 166 2083 275 MEMORABIMUM.

389 351 550 408 incepit
567 349 753 406 Legatus
780 345 924 391 multis
948 343 1225 403 confirmare,
1257 342 1370 399 quod
1395 342 1531 387 omnis
1562 343 1847 401 Intelligentia
1866 345 1909 389 &
1926 355 2096 401 quoque
2118 341 2300 386 Pruden-

395 408 455 451 tia
482 408 533 452 s1t
563 419 588 448 a
616 407 734 450 Deo:
767 405 809 446 &
839 401 977 455 postea
1006 399 1134 442 etiam
1163 401 1418 453 rogabant-ur
1445 398 1694 442 Sacerdotes
1723 408 1772 442 ut
1800 409 2002 442 exuerent
2032 398 2166 443 vestes
2185 395 2301 448 suas,

393 475 449 506 ac
478 460 695 505 induerent
724 456 858 500 vestes
887 454 1180 497 Ministrorum
1203 452 1503 508 politicorum,
1535 465 1622 517 quo
1637 453 1779 506 fatto,
1811 453 2090 509 loquebantur
2101 451 2302 497 Sacerdo-

393 527 460 560 tes
475 529 540 558 2ex
572 511 759 556 interiori
790 509 855 562 se,
885 509 1097 559 dicentes,
1129 508 1243 564 quod
1268 508 1404 551 omnis
1423 507 1708 564 Intelligentia
1725 510 1766 552 &
1785 508 2008 552 Prudentia
2026 509 2077 552 fit
2101 508 2153 550 ab
2171 507 2301 551 bomi-

398 584 472 615 ne:
504 567 628 612 causa
657 565 771 622 quod
798 564 859 607 ita
890 564 1053 619 loquuti
1082 563 1185 615 fint,
1213 572 1329 616 erat,
1363 563 1459 618 quia
1484 564 1668 619 Spiritus
1686 564 1852 618 cogitat
1881 561 1923 605 se
1953 563 2081 607 talem
2098 562 2182 605 effe
2203 573 2301 617 qua-

395 627 447 670 lis
477 624 533 666 est
566 622 686 678 super
714 620 789 664 illo
819 618 961 661 vestis:
991 617 1083 674 post
1109 617 1228 670 haee,
1267 618 1380 662 Tres
1404 617 1464 661 illi
1495 619 1619 663 amici
1650 619 1790 661 cordis
1819 616 1922 660 fasti
1953 614 2047 660 stult
2069 647 2084 669 ,
2126 616 2166 660 δι
2195 617 2303 659 inter

397 679 650 776 loquendum
679 673 798 720 fimul
826 673 995 717 iverunt
1026 674 1169 725 viam,
1212 684 1306 728 quae
1346 673 1522 716 tetendit
1548 671 1779 724 deorsum;
1822 668 1892 715 sed
1911 670 2065 728 postea
2092 669 2179 715 vidi
2206 670 2303 714 illos

394 747 441 777 re
471 735 571 776 uces
631 743 670 775 n:
689 735 746 773 66
779 762 789 772 .
2041 750 2056 759 ·

341 787 543 835 LXVIII.
575 763 729 842 flgitur
747 742 932 840 grimum
958 782 1008 824 de
1027 782 1107 825 illis
1129 784 1203 839 qui
1226 781 1266 825 in
1292 781 1439 826 Verbo
1456 791 1665 825 vocantur
1693 782 1884 834 Eme-rt,
1915 782 1956 825 δι
1975 777 2089 837 quod
2111 779 2216 831 fint,
2235 779 2306 835 qui

398 843 487 900 post
511 853 690 886 mortem
711 839 977 882 inveniuntur
1003 838 1135 882 vitam
1157 836 1386 882 Chai-itatis
1414 838 1455 881 ὃς
1476 837 1588 880 Fidei
1612 836 1782 888 vixiffe,
1815 838 1857 881 δι
1879 834 2122 892 separantur
2142 835 2195 878 ab
2225 834 2305 878 illis

430 899 468 941 ui
505 898 618 940 illam
650 897 781 938 vitam
810 906 894 935 non
918 891 1140 947 vixerunt,
1173 895 1214 938 &
1241 891 1298 935 fic
1329 892 1398 947 qui
1419 895 1528 935 ⁴tunc
1555 892 1841 943 ELmUNTUR,
1870 893 1909 936 &
1939 903 2025 946 prae
2059 900 2226 932 arantur
2257 888 2308 932 ad

369 982 373 984 >
424 955 563 996 'aelum
584 966 597 1005 ;
630 957 888 1014 quapropter
908 946 1079 989 credere
1098 947 1226 991 modo
1250 945 1412 1003 aliquos
1436 957 1533 990 ante
1554 947 1832 990 >nativitatem
1865 946 1933 988 vel
1958 958 2014 1001 po
2073 945 2186 988 illam
2209 944 2306 1004 eligi

398 1011 439 1054 &
464 1005 740 1063 praedestinari
763 1005 814 1046 ad
834 1003 1028 1054 Caeluni,
1064 1004 1103 1047 ὅ(
1139 1015 1222 1045 non
1244 1013 1388 1045 omnes
1408 1002 1507 1057 quia
1528 1013 1673 1046 omnes
1705 1000 1848 1044 vocati
1873 998 1992 1053 sunt,
2023 999 2139 1043 foret
2163 999 2304 1043 Deum

389 1062 656 1118 impotentiae
685 1057 891 1108 salvandi,
924 1057 1156 1155 &guoque
1177 1055 1384 1111 iniustitiae
1407 1069 1601 1112 arguere,
1633 1070 1672 1100 n:
1695 1060 1795 1111 664.
1827 1059 1835 1063 “
2043 1105 2048 1108 ,
2196 1101 2198 1103 ,

344 1118 507 1164 LXIX.
541 1118 576 1162 A
635 1115 783 1158 uodam
804 1113 963 1155 advena
1011 1112 1137 1157 istum
1158 1112 1217 1156 est
1239 1112 1279 1154 in
1302 1111 1446 1164 Caelo,
1481 1113 1593 1168 quod
1611 1123 1694 1154 non
1717 1109 1863 1167 aliquis
1877 1109 1917 1153 in
1938 1109 2173 1154 Christiano
2185 1107 2313 1153 Orbe·

386 1174 502 1227 ,sciat
529 1171 599 1228 qui
659 1170 975 1220 CONscmu'rrA,
1009 1168 1121 1224 quod
1141 1169 1239 1223 quia
1261 1166 1409 1222 Angeli
1427 1178 1509 1209 non
1537 1166 1823 1218 crediderunt,
1844 1166 2040 1208 dixerunt
2059 1165 2109 1207 ad
2126 1165 2307 1220 aliquem
2363 1182 2368 1183 ⁷

399 1228 629 1284 Spiritum,
661 1236 710 1267 ut
740 1224 841 1265 tuba
870 1231 1132 1265 convocaret
1160 1220 1472 1278 Intelligentes,
1508 1233 1614 1277 quos
1645 1218 2006 1263 sciscitaretnum
2040 1217 2176 1262 sciunt
2236 1218 2301 1260 uid

400 1279 692 1330 Conscientia3
719 1278 945 1322 &fat-{turn
966 1276 1025 1320 est
1048 1277 1131 1330 ita,
1164 1279 1204 1320 ὃς
1228 1276 1508 1328 advenerunt,
1541 1278 1582 1320 ὅ(
1602 1275 1709 1318 inter
1730 1275 1826 1318 illos
1849 1285 1966 1318 erant
1987 1272 2179 1325 Politici,
2202 1274 2307 1316 hru-

401 1339 506 1388 diti,
542 1335 724 1386 Medici,
750 1334 794 1377 &
812 1331 1084 1382 Sacerdotes,
1119 1331 1159 1375 δε
1187 1341 1287 1374 tunc
1309 1332 1488 1385 primum
1512 1328 1834 1374 sciscitabantur
1854 1327 2047 1379 Politici,
2076 1328 2174 1383 quid
2197 1326 2306 1371 Con-

402 1392 600 1442 scientia,
633 1388 957 1443 responderunt,
989 1385 1101 1441 quod
1126 1387 1178 1429 fit
1205 1384 1328 1427 dolor
1345 1397 1398 1428 ex
1423 1394 1727 1439 praeconcepto
1754 1393 1826 1426 aut
1843 1383 1985 1439 postea
2008 1394 2137 1437 capto
2159 1382 2310 1435 timore

394 1446 691 1491 discriminum
719 1441 890 1486 honoris
924 1441 993 1482 vel
1022 1453 1171 1496 opum,
1204 1439 1274 1482 vel
1297 1438 1409 1494 quod
1437 1438 1487 1483 fit
1518 1451 1572 1481 ex
1596 1439 1772 1494 humore
1802 1437 2111 1482 melancholico
2132 1437 2310 1480 oriundo

405 1515 457 1545 ex
491 1499 695 1555 indigestis
723 1497 765 1540 in
796 1495 1072 1548 ventriculo,
1113 1494 1429 1550 praetervplura.
1490 1493 1898 1550 Postea-percontati
1932 1490 2025 1535 sunt
2055 1492 2305 1544 Enuni'ros,

404 1556 503 1613 quid
516 1553 667 1597 sciunt
686 1553 749 1595 ·de
771 1549 1062 1603 Conscientia,
1094 1548 1419 1605 responderunt,
1451 1549 1564 1604 quod
1592 1549 1642 1593 fit
1665 1562 1817 1593 maeror
1842 1549 1882 1593 ὅς
1903 1549 2091 1591 anxietas
2118 1546 2310 1593 infestans

403 1623 560 1666 corpus
581 1608 735 1652 &inde
754 1615 908 1661 caput,
940 1616 1013 1647 aut
1042 1615 1169 1667 caput
1199 1605 1240 1647 &
1266 1601 1361 1646 inde
1391 1615 1570 1658 corpus,
1602 1616 1655 1646 ex
1679 1604 1807 1647 variis
1838 1603 1995 1655 caulis,
2023 1602 2229 1658 imprimis
2258 1612 2312 1644 est

407 1667 511 1717 hac,
544 1663 655 1718 quod
682 1661 864 1704 animum
899 1659 1150 1702 intenderint
1179 1659 1247 1702 uni
1272 1658 1330 1701 rei
1373 1657 1532 1709 solum,
1565 1659 1679 1714 quod
1707 1659 1757 1704 fit
1785 1659 1985 1713 imprimis
2005 1657 2105 1701 dum
2137 1670 2182 1701 re
2212 1669 2312 1699 nans

404 1732 522 1764 amor
541 1718 721 1773 patitur,
756 1714 862 1757 unde
883 1715 1129 1769 quandoque
1150 1713 1372 1769 phantasiae
1394 1715 1434 1757 ὅ(
1455 1713 1621 1764 deliria,
1653 1715 1694 1758 dc
1723 1727 1748 1756 a
1781 1714 1833 1757 ud
1865 1710 2066 1769 quosdam
2089 1722 2186 1755 cere
2216 1709 2312 1759 rofi-

405 1786 516 1818 tates
545 1774 586 1815 in
607 1770 823 1826 Religiofis
839 1801 851 1822 ,
883 1782 978 1824 quae
1003 1781 1210 1812 vocantur
1240 1767 1402 1813 morsus
1423 1767 1704 1812 conscientiae.
1778 1768 1841 1812 ost
1861 1768 1936 1811 hos
1953 1768 2198 1825 interrogati
2218 1766 2314 1810 sunt

374 1871 377 1875 .
410 1831 605 1878 MEmc1,
639 1824 739 1882 quid
764 1823 1060 1876 Conscientia,
1093 1825 1133 1869 δι
1157 1823 1380 1881 dixerunt,
1411 1823 1525 1878 quod
1553 1823 1604 1868 fit
1636 1824 1766 1867 modo
1788 1822 1911 1866 dolor
1932 1824 2130 1866 oriundus
2158 1834 2210 1864 ex
2241 1833 2314 1863 va-

410 1886 481 1927 riis
503 1882 660 1926 morbis
677 1912 690 1934 ,
722 1892 828 1936 quos
849 1881 889 1921 in
910 1879 1033 1934 copia
1054 1887 1429 1929 enumeraverunt,
1463 1878 1641 1933 &quod
1665 1876 1729 1921 illi
1744 1878 1884 1933 plures
1911 1889 1985 1934 per
2011 1879 2234 1933 pharmaca
2255 1873 2316 1918 sa-

410 1939 626 1983 naverint:
657 1934 793 1980 morbi
816 1947 869 1979 ex
900 1935 1049 1989 quibus
1070 1933 1262 1986 dolores,
1296 1933 1367 1990 qui
1386 1931 1664 1977 Conscientiae
1690 1943 1929 1984 vocantur,
1969 1932 2236 1983 derivantur,
2269 1943 2313 1972 e·
2339 1969 2343 1972 .

409 1993 619 2038 numerati
651 1990 869 2034 videantur
896 1990 936 2031 in
966 1989 1270 2033 MEMORABILI.
1329 1989 1515 2032 Demum
1549 1987 1710 2044 quaefiti
1740 1986 1832 2033 sunt
1873 1988 2176 2039 SAcERnorsss,
2219 1984 2318 2041 quid

407 2046 701 2101 Conscientia,
731 2045 994 2100 inquierunt,
1027 2043 1139 2100 quod
1159 2044 1209 2088 fit
1229 2043 1372 2087 eadem
1394 2055 1492 2086 curn
1514 2042 1806 2095 Contritione,
1825 2054 1919 2099 quae
1940 2042 2140 2099 praecedit
2155 2041 2315 2093 Fidem,

379 2142 383 2147 .
408 2105 455 2148 &
476 2103 588 2159 quod
613 2101 728 2144 illam
753 2099 987 2142 sanaverint
1006 2110 1080 2154 per
1101 2098 1400 2156 Evangeliutn:
1431 2099 1472 2142 δι
1490 2097 1678 2162 insuper,
1744 2098 1828 2150 uod
1847 2097 1998 2141 dentur
2014 2095 2318 2142 Conscientiofi

417 2171 470 2200 ex
497 2157 611 2201 omni
638 2154 878 2211 Religione,
913 2162 997 2198 tam
1018 2166 1118 2196 vera
1135 2166 1260 2208 quarn
1283 2152 1495 2205 fa'natica,
1527 2166 1596 2216 qui
1619 2153 1692 2197 fibi
1736 2153 1880 2196 aciunt
1894 2150 2114 2215 scrupulos
2133 2152 2174 2195 in
2192 2152 2317 2194 rebus

409 2213 577 2264 salutis,
609 2211 736 2253 etiam
770 2208 1019 2263 adiaphoris.
1077 2205 1224 2262 Angeli
1254 2221 1306 2252 ex
1334 2208 1396 2252 his
1423 2207 1574 2251 auditls
1604 2217 1882 2264 perceperunt
1912 2217 2135 2250 veritatem
2153 2238 2167 2259 ,
2208 2204 2322 2262 quod

413 2280 498 2312 non
524 2265 670 2321 aliquis
691 2263 795 2307 sciat
817 2263 915 2319 quid
939 2261 1234 2317 Conscientia,
1268 2275 1396 2318 quare
1423 2262 1675 2319 demiserunt
1702 2263 1910 2319 Angelum
1934 2276 1957 2314 a
1986 2258 2054 2314 se,
2095 2262 2165 2316 qui
2193 2262 2320 2311 doce-

418 2333 508 2374 ret,
541 2321 610 2365 hic
634 2319 792 2363 adstans
816 2319 856 2361 in
877 2316 1015 2360 medio
1034 2317 1204 2362 illorum
1230 2318 1366 2370 dixit,
1427 2319 1509 2362 uod
1528 2317 1797 2370 Conscientia
1814 2330 1898 2361 non
1926 2317 1977 2361 fit
1996 2316 2144 2372 aliquis
2161 2315 2284 2359 dolor
2300 2344 2315 2366 ,
2351 2341 2354 2346 ·

413 2378 524 2423 ficut
549 2387 694 2419 omnes
717 2387 796 2418 vos
816 2371 1105 2416 autumavistis
1121 2403 1135 2424 ,
1168 2371 1236 2415 sed
1263 2373 1376 2428 quod
1396 2332 1448 2418 sit
1476 2374 1568 2416 vita
1590 2371 1811 2416 secundum
1832 2372 2116 2429 Religionem,
2149 2373 2189 2416 δι
2210 2368 2322 2426 quod

379 2463 382 2468 ,
420 2432 492 2476 illa
524 2431 614 2485 vita
646 2429 850 2485 imprimis
883 2427 992 2483 apud
1021 2427 1118 2471 illos
1134 2428 1214 2481 fit,
1247 2427 1317 2483 qui
1347 2427 1387 2471 in
1422 2428 1504 2473 fide
1538 2427 1768 2472 Charitatis
1792 2425 1917 2480 sunt,
1957 2427 1998 2470 δε
2022 2425 2136 2482 quod
2158 2426 2218 2467 illi
2250 2424 2320 2479 qui

414 2484 717 2531 conscientiam
762 2482 938 2534 habent,
983 2494 1036 2524 ex
1065 2483 1207 2543 ‚corde
1234 2482 1461 2538 loquantur
1490 2495 1584 2547 quae
1620 2482 1848 2537 loquuntur
1872 2511 1887 2532 ‚
1933 2475 1974 2524 δί
2013 2492 2066 2522 ex
2098 2480 2225 2523 corde
2258 2477 2321 2522 fa-

386 2571 390 2573 -
420 2542 536 2584 ciant
558 2551 652 2595 quae
676 2537 865 2587 faciunt,
897 2549 993 2591 quae
1016 2546 1141 2587 etiam
1170 2549 1244 2591 per
1275 2537 1468 2592 exempla
1498 2536 1752 2587 illustravit;
1793 2547 1922 2591 quare
1957 2548 2054 2578 cum
2082 2535 2238 2578 dicitur
2267 2534 2321 2577 de

413 2596 558 2650 aliquo
592 2642 594 2644 v
619 2593 702 2635 uod
721 2582 1031 2636 Conscientiam
1064 2589 1238 2642 habeat,
1266 2590 1513 2647 intelligitur
1536 2591 1648 2647 quod
1668 2590 1802 2646 Justus
1821 2589 1894 2641 fit,
1926 2592 1967 2635 &
1989 2589 2177 2634 viciffim.
2236 2588 2318 2633 His

413 2649 567 2701 dictis,
625 2647 826 2690 iviserunt
854 2644 896 2688 se
927 2646 1156 2688 convocati
1173 2645 1214 2687 in
1238 2655 1421 2742 quatuor
1444 2646 1592 2702 phalan
1624 2658 1693 2699 es,
1725 2647 1767 2690 in
1792 2656 1914 2688 unam
1934 2646 2211 2689 transiverunt
2232 2643 2320 2697 illi,

453 2705 493 2747 ui
519 2702 814 2747 intellexerunt
836 2699 967 2744 verba
994 2701 1140 2756 Angeli
1171 2699 1213 2743 ὅτ.
1265 2710 1461 2752 averunt,
1503 2702 1546 2745 in
1578 2714 1601 2743 a
1621 2710 1756 2744 terum
1790 2698 1863 2756 qui
1889 2712 1973 2752 non
1999 2699 2318 2751 intellexerunt,

421 2719 490 2804 {led
512 2757 641 2814 usque
657 2755 880 2808 faverunt,
909 2755 950 2798 in
976 2756 1146 2800 tertium
1169 2754 1340 2811 quinon
1369 2755 1595 2798 voluerunt
1613 2755 1869 2812 intelligere,
1898 2754 2086 2798 dicentes
2114 2754 2224 2796 inter
2254 2752 2319 2806 se,

449 2814 518 2857 uid
542 2813 663 2856 nobis
687 2824 785 2855 cum
814 2808 1103 2862 Conscientia,
1136 2810 1237 2854 &in
1259 2821 1453 2866 quartum
1475 2810 1546 2867 qui
1563 2809 1814 2861 irridebant,
1847 2808 2059 2860 dicentes,
2087 2808 2186 2864 quid
2209 2807 2322 2851 Con-

444 2868 594 2911 cientia
613 2866 685 2911 nifi
705 2866 854 2917 flatus3
881 2864 974 2920 post
992 2863 1084 2908 haec
1105 2862 1204 2908 visae
1226 2863 1320 2908 sunt
1340 2864 1434 2908 duae
1454 2864 1703 2920 posteriores
1729 2863 1956 2921 phalanges
1977 2862 2168 2907 secedere
2190 2862 2242 2907 ad
2269 2862 2321 2907 fi-

418 2923 615 2974 nistrum,
648 2922 688 2964 &
705 2921 798 2964 duae
847 2921 978 2963 riores
1002 2919 1054 2963 ad
1071 2919 1293 2972 dextrum,
1327 2933 1366 2963 n:
1386 2925 1489 2975 665.

370 2978 512 3026 LXX.
543 2977 674 3039 Quod
694 2933 894 3019 dedugus
917 2974 990 3018 fim
1013 2973 1261 3028 adllocum,
1293 2974 1363 3018 ubi
1390 2985 1556 3018 veteres
1576 2974 1732 3030 Sophi,
1765 2974 1836 3030 qui
1859 2971 2033 3017 fuerunt
2055 2973 2095 3017 in
2124 2973 2318 3025 Graecia,

423 3030 819 3091 commorabantur,
852 3041 976 3085 quern
999 3029 1140 3078 locum
1165 3028 1222 3071 illi
1247 3029 1461 3073 vocabant
1481 3030 1762 3080 Parnaffium3.
1789 3030 1829 3073 δι
1847 3028 2067 3072 dicebatur
2086 3029 2187 3075 mihi
2207 3028 2321 3084 quod

418 3098 499 3144 per
526 3085 643 3130 vices
668 3084 858 3140 ablegent
881 3082 1082 3141 quosdam
1111 3084 1336 3129 arcefl'endi
1360 3083 1498 3141 gratia
1515 3084 1676 3141 aliquos
1702 3083 1898 3129 Advenas
1924 3096 1949 3127 e
1971 3084 2160 3139 Mund0,
2193 3084 2232 3127 δι
2261 3083 2323 3145 in-

2231 3149 2324 3193 qur-
