2658 3698
365 278 479 333 294
588 246 1251 311 UNIVERSA
1324 245 2116 314 THEOLO‘GTA

366 399 432 431 tas
463 386 502 429 in
534 382 606 426 sua
644 379 804 435 origine
831 375 1056 438 spiritualis
1085 375 1171 429 est,
1206 377 1247 421 &
1278 376 1317 420 in
1348 374 1421 421 sua
1448 373 1710 422 derivatione
1735 372 1961 436 naturalis,
1993 384 2034 429 ἂ
2055 383 2251 431 Charitas
2271 399 2342 432 na.

370 441 521 486 turalis
540 470 552 491 ,
583 437 613 480 fi
642 437 753 478 intus
782 431 841 475 est
881 429 1110 493 spiritualis
1128 462 1142 484 ,
1178 440 1351 529 apparet
1381 443 1527 478 coram
1557 433 1730 491 Angelis
1755 435 1955 492 diaphana
1992 440 2099 483 ficut
2130 441 2337 495 AdamaS,

368 509 414 541 at
442 497 472 540 fi
503 496 612 536 intus
641 501 728 532 non
747 487 805 531 est
836 483 1086 549 spiritualiS,
1117 489 1159 533 &
1186 487 1226 530 in
1255 500 1279 529 e
1308 499 1421 531 mere
1439 489 1665 550 naturalis,
1697 501 1870 547 apparet
1895 505 2037 539 coram
2057 495 2213 552 angelis
2235 497 2341 542 ficut

367 552 490 598 Perla
518 544 656 591 similis
688 542 820 585 oculo
847 539 975 596 piscis
1010 544 1136 585 costi.
1196 543 1348 586 Meum
1379 556 1462 586 non
1493 543 1550 587 est
1579 544 1743 597 dicere,
1776 559 1886 592 num*
1907 549 2088 592 celebrja
2116 549 2345 596 Chal-itatis

364 609 642 652 documenta,
675 610 769 654 quae
797 595 942 639 ordine
970 596 1224 652 protulistis,
1266 598 1346 642 fint
1380 599 1600 649 Char-itate
1627 597 1829 653 spirituali
1872 602 2103 657 inspirata,
2137 607 2205 649 vel
2233 620 2343 660 non,

368 662 441 706 sed
461 668 599 701 meum
629 654 697 697 hic
726 653 784 696 est
811 651 981 704 dicere,
1022 652 1120 707 quid
1158 650 1373 707 spirituale
1439 651 1521 694 uod
1537 652 1661 696 inesse
1689 654 1841 709 debet,
1871 657 1976 709 erit,
2009 667 2058 700 ut
2093 658 2173 704 fint
2204 661 2351 706 chari-

371 715 474 759 tatis
509 708 735 766 spiritualis
774 706 926 750 form'ae
956 706 1196 758 naturale33
1235 705 1372 762 ipsum
1423 707 1620 762 pirituale
1647 707 1821 752 illorum
1849 711 1907 755 est
1939 710 2047 763 hoc,
2083 721 2131 753 ut
2165 713 2267 758 fiant
2293 729 2347 760 ex

369 780 516 814 amore
541 765 707 821 justitiae
738 775 834 806 cum
863 761 1051 816 iudicio,
1082 761 1167 804 hoc
1196 761 1269 813 est,
1301 771 1349 804 ut
1370 761 1501 808 homo
1524 761 1563 804 in
1590 763 1806 809 exercitiis
1833 764 2350 823 charitatis-perspiciat,

370 837 470 870 num
494 835 547 864 ex
565 820 727 875 justiiia
747 827 844 874 agat
860 849 873 869 ‚
896 819 935 861 &
961 817 1045 859 hoc
1074 815 1273 871 perspicit
1290 828 1354 859 -ex
1379 816 1540 871 judicio
1562 828 1576 867 ;
1603 817 1740 873 potest
1761 819 1876 865 eninr
1891 819 2021 866 homo
2044 822 2353 877 perbenefaeta

372 877 664 928 malefacere,
704 874 744 918 δε
786 883 955 930 quoque
983 884 1061 928 per
1093 871 1216 924 talia,
1257 884 1350 926 quae
1376 880 1579 933 apparent
1613 871 1720 916 ficut
1754 874 1979 920 malefaCta
2000 876 2275 932 benefacere3
2305 888 2354 923 ut

375 948 457 992 pro
486 930 714 987 exemplo,
745 940 820 985 per
849 926 1068 971 benefacta
1086 926 1302 970 malefacit
1322 926 1393 971 ille
1414 938 1485 982 qu1
1503 927 1660 970 latroni
1682 939 1817 992 egeno
1838 929 2022 987 suppetit
2042 944 2146 988 opes
2167 944 2214 976 ut
2237 944 2355 979 emat

374 991 452 1036 fibi
482 985 650 1038 ensem,
688 984 852 1028 tametsi
891 982 974 1026 hoc
1010 994 1093 1025 non
1139 981 1279 1033 dicit,
1332 994 1430 1025 cum
1477 982 1549 1027 ille
1581 980 1821 1039 supplicat3
1851 998 1924 1029 aut
1958 987 1990 1033 fi
2020 987 2140 1033 illum
2172 990 2299 1047 eripit
2328 1001 2353 1032 e

375 1055 576 1095 carcere,
610 1041 651 1086 &
680 1039 883 1084 monstrat
917 1039 1027 1081 viam
1049 1037 1099 1100 ad
1125 1035 1318 1100 sylvam,
1350 1037 1391 1083 δι
1426 1036 1532 1099 dicit
1556 1036 1722 1100 secum,
1757 1053 1840 1084 non
1868 1053 1963 1086 mea
1992 1043 2117 1099 culpa
2146 1044 2204 1088 est
2236 1045 2351 1109 quod

375 1101 448 1144 ille
464 1096 763 1147 latrocinetur,
782 1094 992 1149 suppetias
1016 1093 1092 1134 tuli
1126 1092 1308 1135 homini:
1338 1093 1388 1135 fit
1406 1101 1535 1137 etiarn
1565 1093 1676 1136 aliud
1701 1096 1966 1151 exemplum,
1989 1106 2037 1141 ut
2087 1098 2127 1142 ui
2152 1100 2227 1143 alit
2242 1113 2358 1156 lgna-

376 1168 501 1207 vum,
522 1154 563 1198 &
580 1150 760 1194 custodit
780 1161 830 1193 ue
849 1149 1037 1205 adigatur
1051 1146 1103 1190 ad
1120 1159 1270 1204 operas
1282 1146 1434 1190 laboris
1446 1177 1460 1198 ‚
1479 1147 1646 1201 &dicit,
1662 1150 1768 1194 intra
1781 1150 1822 1207 in
1839 1153 2046 1196 conclave
2085 1166 2208 1198 omus
2220 1168 2352 1207 meae,

380 1211 425 1254 ἃ
440 1209 549 1252 cuba
571 1208 611 1249 in
625 1207 763 1256 lectO,
787 1216 863 1247 cur
887 1213 931 1246 te
954 1202 1177 1258 fatigabis,
1206 1201 1280 1244 ille
1302 1203 1419 1246 enirn'
1440 1201 1563 1246 favet
1595 1200 1811 1259 ignaviae?
1827 1217 1917 1250 tum
1944 1208 2074 1253 etiam
2087 1240 2102 1262 ,
2130 1209 2200 1266 qui
2231 1223 2354 1267 agna-

383 1276 455 1309 tos
485 1265 525 1308 &
555 1262 718 1305 amicos
746 1259 895 1302 indolis
914 1258 1116 1313 improbae
1146 1267 1372 1312 promovet
1403 1257 1454 1301 ad
1481 1257 1719 1302 funffiones
1749 1260 1944 1316 honoris,
1974 1267 2017 1305 in
2045 1260 2195 1326 quibus
2221 1265 2357 1312 multa

380 1317 691 1365 malevolentiae
713 1326 865 1372 genera
881 1312 1022 1357 moliri
1041 1313 1234 1368 poss'unt3
1266 1313 1356 1375 quis
1377 1325 1460 1356 non
1490 1313 1632 1375 videre
1649 1315 1823 1375 potest,
1855 1315 1969 1370 quod
1999 1317 2099 1359 talia
2118 1317 2354 1365 Chai-'itatis

381 1387 514 1431 opera
551 1385 635 1416 non
672 1371 751 1414 fint
779 1381 831 1412 ex
869 1368 1012 1424 aliquo
1054 1379 1196 1410 amore
1229 1367 1398 1421 J‘ustitiae
1437 1379 1534 1411 cum
1566 1367 1739 1420 Judlelo.
1799 1369 1986 1414 Viciffim
2022 1372 2150 1415 etiam
2172 1403 2187 1426 ,
2248 1374 2362 1430 quod

381 1431 515 1474 homo
544 1428 668 1487 poffit
702 1437 778 1481 per
810 1423 932 1475 talia,
966 1435 1059 1478 quae
1091 1435 1114 1463 a
1146 1431 1293 1474 parent
1321 1422 1429 1466 ficut
1458 1420 1686 1466 malefacta
1717 1423 1995 1479 benefacere,
2028 1437 2078 1469 ut
2106 1439 2187 1483 pro
2215 1439 2357 1474 exem.

381 1485 480 1541 plo,
511 1482 642 1538 Judex
664 1511 678 1533 ,
719 1479 790 1536 qui
822 1478 1061 1538 malefieum
1093 1489 1116 1517 a
1148 1475 1298 1537 solvit,
1332 1476 1431 1531 quia
1456 1475 1720 1533 lachrymat,
1752 1479 1794 1524 ἃ
1822 1492 1955 1523 voces
1984 1480 2154 1536 pietatis
2193 1481 2358 1536 fundit,

385 1553 435 1583 ac
463 1548 558 1581 orat
594 1546 643 1579 ut
675 1534 884 1578 condonet
917 1543 1013 1588 quia
1041 1541 1259 1585 proxrmus
1286 1542 1374 1583 ejus
1407 1529 1489 1582 est,
1523 1543 1621 1576 cum
1652 1542 1791 1576 tamen
1821 1533 1955 1589 Judex
1989 1536 2221 1584 Charitatis
2250 1550 2358 1596 opus

384 1593 579 1652 praestat,
611 1592 710 1633 dum
739 1589 800 1632 illi
818 1588 977 1642 irrogat
1006 1597 1167 1648 paenam
1198 1584 1422 1648 secundum
1454 1585 1617 1644 legem,
1648 1587 1706 1633 fic
1743 1589 1854 1634 enim
1899 1593 2167 1646 praemunit,·
2199 1606 2252 1637 ne
2288 1594 2360 1638 ine

321 1673 323 1678 ,
393 1649 570 1691 ulterius
600 1642 863 1695 malefaciat,
900 1654 951 1684 ac
962 1640 1193 1692 Sometati,
1226 1653 1321 1739 puae
1346 1653 1388 1683 in
1413 1641 1544 1704 priori
1570 1643 1702 1698 gradu
1728 1645 1948 1698 proximus
1978 1646 2037 1691 est
2055 1678 2070 1700 ,
2102 1658 2360 1694 nocumento

383 1704 462 1755 fit,
495 1715 546 1745 ac
575 1713 627 1743 ne
656 1700 740 1742 tale
767 1697 976 1753 Judicium
1001 1693 1197 1739 scandalo
1242 1705 1302 1746 1t;
1326 1708 1418 1752 qnis
1437 1706 1565 1740 etiam
1595 1709 1679 1742 non
1714 1699 1819 1751 scit,
1853 1701 1967 1755 quod
1999 1702 2123 1746 cedat
2154 1704 2270 1747 bono
2299 1704 2363 1747 fa.

383 1758 508 1803 mulis
543 1755 574 1799 fi
603 1754 656 1797 ab
694 1754 802 1797 heris
833 1751 939 1802 suiS‚
986 1763 1037 1795 ac
1065 1751 1205 1793 liberis
1234 1750 1334 1794 dum
1365 1763 1389 1793 a
1416 1750 1660 1805 parentibus
1691 1763 1867 1808 propter
1900 1756 2109 1801 maleficia
2153 1759 2357 1815 castigan-

385 1823 482 1855 tur:
512 1809 643 1855 fimile
670 1809 727 1853 est
757 1821 855 1852 cum
881 1806 963 1851 illis
993 1806 1036 1850 in
1063 1805 1261 1859 Inferno,
1324 1806 1443 1850 uibus
1457 1806 1662 1868 ,omnibus
1686 1821 1806 1852 amor
1825 1807 2115 1855 malefaeiendi
2132 1812 2214 1866 est,
2246 1814 2359 1871 quod

381 1867 549 1911 carceri
579 1864 724 1909 inclufi
754 1870 997 1914 teneantur,
1029 1863 1070 1907 &
1099 1862 1199 1905 dum
1231 1874 1299 1904 ma
1319 1874 1343 1904 a
1381 1860 1572 1913 faciunt,
1616 1864 1866 1917 puniantur,
1932 1877 1994 1910 uae
2020 1866 2359 1925 Dominusper-

381 1923 520 1967 mittit
558 1928 735 1976 propter
761 1916 1120 1969 emendationem,
1154 1916 1237 1959 hoc
1267 1916 1317 1958 fit
1350 1916 1447 1971 quia
1475 1915 1687 1960 Dominus
1715 1918 1774 1963 est
1802 1878 2114 1974 ipsanustitia,
2147 1923 2188 1968 ἀ
2221 1936 2273 1967 ex
2302 1924 2315 1966 i

383 1978 434 2021 so
461 1976 626 2032 Judicio
654 1974 761 2020 facit
781 1971 981 2034 quicquid
999 1970 1143 2034 facit.-
1178 1972 1249 2033 Ei<
1275 1970 1338 2014 his
1359 1968 1536 2026 perspici
1567 1972 1732 2026 potest,
1765 1972 1873 2016 unde
1898 1973 1980 2025 est,
2013 1977 2126 2032 quod
2153 1977 2277 2021 ficut?
2297 1937 2363 2020 fg:

381 2046 459 2088 pra
496 2032 655 2076 dietum
688 2030 779 2083 est,
827 2028 1020 2073 Charitas
1047 2025 1273 2082 spiritualls
1302 2025 1379 2071 fiat
1422 2037 1476 2069 ex·
1518 2039 1663 2072 amore
1709 2027 1881 2084 justitiae
1925 2041 2023 2074 cum
2061 2030 2246 2095 Judicio,
2289 2032 2361 2078 sed

387 2100 442 2130 ex
465 2098 607 2130 amore
628 2098 711 2130 non
734 2084 897 2127 aliunde
925 2094 1050 2136 quam
1074 2095 1096 2123 a
1115 2082 1306 2143 Domino
1334 2080 1433 2141 Deo
1447 2080 1698 2135 salvatore,
1731 2081 1857 2126 causa
1886 2084 1968 2138 est,
2003 2099 2100 2142 quia
2132 2100 2258 2131 omne
2283 2088 2358 2131 bo-

383 2155 486 2186 num
510 2140 738 2185 Charitatis
769 2139 828 2182 est
856 2152 880 2181 a
907 2136 1120 2188 Domino,
1151 2134 1255 2178 dicit
1282 2146 1416 2188 enlm,
1520 2137 1536 2177 i
1564 2146 1696 2181 manet
1722 2139 1768 2181 in
1793 2138 1867 2180 Me
1896 2138 1958 2186 ἃ·
1978 2142 2019 2185 Ε
2045 2155 2065 2184 0
2095 2143 2140 2184 in
2174 2143 2265 2194 illo,
2297 2145 2365 2187 hie

374 2199 468 2254 fert
491 2195 671 2250 frustum
699 2194 891 2246 multum,
927 2192 1020 2247 quia
1049 2190 1135 2244 fine
1169 2190 1244 2234 Me
1267 2203 1342 2234 non
1371 2197 1459 2243 pote
1495 2190 1529 2231 is
1557 2191 1692 2242 facere
1706 2192 1947 2288 fuitquam,
1978 2194 2029 2247 Jo
2061 2229 2070 2237 .
2097 2195 2210 2243 XVz'
2229 2209 2284 2251 43
2314 2197 2365 2246 &⁹

382 2253 483 2312 quod
502 2249 581 2306 Ipsi
591 2249 648 2303 fit
671 2251 795 2294 omnis
809 2245 975 2304 potestas
996 2248 1040 2289 in
1070 2247 1166 2289 Caelo
1195 2246 1245 2295 &⁹
1274 2246 1319 2288 in
1352 2243 1499 2297 Terra,
1529 2243 1702 2290 XXVII
1725 2260 1736 2289 :
1771 2249 1823 2290 18
1838 2257 1851 2300 3
1882 2246 1922 2288 &
1947 2248 2084 2291 omnis
2110 2261 2229 2292 amor
2246 2250 2363 2306 justi-

389 2307 462 2351 tiae
491 2318 589 2349 cum
604 2304 765 2360 judicio
789 2315 874 2345 non
897 2300 1065 2344 aliunde
1096 2300 1177 2353 est,
1209 2313 1334 2356 quam
1366 2312 1420 2343 ex
1451 2300 1552 2345 Deo
1595 2299 1729 2354 caeli,-
1772 2299 1815 2342 ui
1847 2300 1907 2343 est
1932 2303 1944 2345 i
1978 2300 2020 2345 sa
2050 2302 2233 2359 Justitia,
2266 2307 2307 2352 ὅς
2338 2318 2362 2350 a

387 2374 474 2417 quo
504 2372 629 2404 omne
656 2358 864 2414 Judicium
891 2355 1048 2400 homini
1068 2355 1147 2408 estc,
1178 2355 1330 2410 Jerem.
1349 2354 1519 2399 XXIII:
1536 2365 1588 2450 ἔτ
1617 2354 1721 2411 Cap.
1798 2314 1975 2402 XXIII?
1985 2371 2008 2400 2
2011 2370 2053 2412 5.
2086 2358 2155 2402 Ex
2177 2358 2238 2402 his
2261 2372 2361 2404 con.

388 2416 554 2460 clusum
579 2416 655 2467 fit,
690 2414 803 2470 quod
833 2412 974 2457 omnia
999 2411 1074 2455 illa
1133 2423 1198 2455 uae
1228 2422 1252 2452 e
1281 2408 1482 2452 subselliis
1511 2422 1536 2451 a
1589 2409 1857 2468 dextrum&
1876 2411 2151 2457 adsfinistrum
2171 2413 2225 2457 de
2246 2414 2358 2459 Cha.

385 2471 516 2513 ritate
540 2468 797 2520 difta‘sunt,¹
829 2481 923 2525 quae
953 2464 1076 2518 sunt,
1158 2466 1240 2508 uod
1267 2464 1460 2508 Charitas
1486 2463 1538 2509 fit
1557 2463 1782 2509 Moralitas
1816 2463 2015 2521 inspirata
2049 2467 2174 2512 Fide:
2278 2470 2363 2513 uod

385 2525 438 2570 fit
464 2525 604 2569 Pietas
632 2521 829 2577 inspirata
848 2518 1131 2564 miseratione:
1163 2519 1293 2585 Quod
1322 2519 1375 2562 fit
1401 2518 1557 2561 bonum
1588 2515 1733 2562 facere
1761 2529 1848 2564 tam
1883 2522 2021 2576 probo
2051 2535 2177 2578 quam
2205 2523 2263 2567 im
2296 2536 2364 2568 ro-

387 2580 468 2624 bo:
499 2578 630 2643 Quod
655 2578 706 2622 fit
727 2577 841 2619 omni
861 2572 989 2619 modo
1007 2574 1208 2617 inservire
1227 2586 1251 2615 a
1310 2571 1388 2615 atis
1403 2573 1453 2634 ²&
1479 2573 1648 2617 amicis:
1677 2574 1807 2639 Quod
1835 2575 1884 2619 fit
1907 2576 2007 2619 dare
2030 2576 2285 2633 pauperibus
2319 2581 2362 2626 δε

386 2634 586 2690 opitulari
612 2631 919 2695 indigentibus:
947 2629 1079 2692 Quod
1099 2628 1150 2671 fit
1173 2629 1250 2674 No
1271 2639 1437 2671 ocomia
1467 2628 1704 2681 aedificare,
1740 2631 1780 2674 ὅ(
1802 2629 1921 2677 donis
1952 2630 2202 2677 sustentare:
2232 2632 2364 2697 Quod

387 2690 440 2736 fit
470 2689 654 2744 Templa
680 2688 815 2731 ditare
836 2718 850 2738 ,
892 2686 932 2730 &
959 2682 1162 2728 Ministris
1190 2683 1361 2727 illorum
1396 2683 1664 2730 benefacere:
1695 2683 1824 2781 {uod
1852 2685 1902 2731 fit
1938 2686 2195 2733 Fraternitas
2235 2699 2364 2730 vetus

391 2744 643 2789 Christiana:
674 2742 804 2806 Quod
832 2741 883 2787 fit
902 2739 1120 2783 remittere
1142 2739 1294 2794 cuique
1326 2737 1399 2781 sua
1425 2738 1600 2790 deli&a;
1622 2739 1703 2783 hac
1753 2740 1862 2783 mnia
1892 2738 1986 2783 sunt
2016 2753 2115 2796 egre
2145 2741 2184 2784 ia
2213 2742 2362 2785 Chari-

390 2799 491 2842 tatis
503 2799 782 2848 documenta,
797 2797 896 2839 dum
917 2808 970 2838 ex
989 2806 1132 2838 amore
1157 2794 1323 2848 Justitiae
1336 2806 1434 2838 cum
1453 2794 1614 2849 J‘udicio
1631 2794 1968 2853 fiunt,{alioquin
1992 2808 2075 2838 non
2118 2808 2193 2841 unt
2219 2796 2367 2841 Chari-

389 2863 455 2896 tas
472 2885 486 2905 ,
521 2852 591 2898 sed
614 2853 742 2897 modo
762 2851 857 2895 sunt
886 2851 992 2894 ficut
1012 2848 1094 2893 rivi
1118 2848 1293 2907 separati
1315 2862 1339 2892 a
1369 2849 1445 2893 suo
1467 2849 1613 2902 fonte,
1649 2862 1699 2894 ac
1726 2849 1834 2895 ficut
1858 2850 2054 2905 palmites
2083 2852 2215 2897 evulfi
2237 2866 2260 2895 a
2289 2852 2362 2897 sua

389 2908 565 2960 arbore3
597 2909 793 2965 quoniam
814 2906 996 2964 genuina
1009 2904 1205 2949 Charitas
1242 2904 1325 2957 est,
1358 2904 1529 2949 credere
1548 2905 1589 2948 in
1610 2904 1866 2957 Dominum,
1898 2918 1947 2949 ac
1979 2905 2078 2950 ‘uste
2103 2907 2144 2953 ὅς
2175 2909 2289 2951 reete
2319 2908 2363 2953 aa

388 2975 492 3020 gere
514 2963 554 3006 in
583 2965 694 3007 omni
719 2975 845 3018 opere
879 2964 920 3008 &
951 2959 1104 3006 officio.
1163 2961 1252 3023 Qui
1282 2959 1423 3016 itaque
1456 2973 1508 3002 ex
1538 2958 1730 3022 Domino
1769 2967 1881 3021 amat
1916 2960 1966 3016 Ju
2005 2962 2147 3015 itiam,
2180 2965 2220 3011 ὅς
2248 2962 2362 3010 inam

387 3031 489 3062 cum
513 3018 672 3073 judicio
699 3018 832 3071 facit,
865 3017 935 3060 ille
953 3016 1011 3061 est
1035 3014 1230 3062 Charitas
1251 3016 1290 3058 in
1310 3016 1393 3060 ima
1425 3016 1488 3060 ine
1515 3016 1555 3059 ἃ
1579 3013 1839 3060 fimilrtudme
1861 3016 1976 3070 eJus.v
2001 3015 2082 3063 His
2105 3018 2249 3065 edictis
2273 3016 2361 3063 fac.

386 3082 479 3116 tum
504 3071 568 3116 eff
581 3073 814 3124 silentium,
847 3072 969 3126 quale
991 3071 1049 3116 est
1074 3070 1179 3123 illis,
1243 3071 1283 3113 ui
1301 3083 1355 3113 ex
1404 3079 1555 3123 nterno
1580 3068 1748 3131 hotmine
1773 3069 1918 3115 vident
1954 3071 1996 3120 ὃς
2022 3071 2255 3129 agnoscunt
2287 3073 2361 3117 ali.

418 3127 488 3171 uid
542 3128 625 3173 uod
645 3126 703 3171 ita
720 3127 796 3179 fit,
827 3125 896 3170 sed
924 3127 1106 3170 nondum
1144 3126 1184 3170 in
1246 3134 1425 3176 xtern0,
1462 3124 1544 3167 hoc
1577 3123 1853 3169 ammadverti
1881 3138 1934 3170 ex
1957 3125 2148 3172 faciebus
2175 3128 2356 3171 illorum.

387 3140 450 3230 Ἅι
476 3181 523 3228 su
555 3183 618 3229 ito
641 3192 743 3229 tunc
761 3180 948 3227 sublatus
973 3181 1064 3228 sum
1084 3194 1109 3226 e
1129 3180 1356 3239 conspectu
1372 3179 1574 3234 illorum,
1604 3191 1701 3226 nam
1730 3191 1783 3225 ex
1820 3179 1969 3240 splritu
1989 3182 2189 3230 reintravi
2211 3183 2252 3229 in
2271 3194 2360 3224 ma-

2269 3237 2372 3282 ctia-
